2113 3430
557 205 715 241 Monum.
743 205 965 252 (pragensia)
996 205 1073 241 125.
1103 205 1173 250 (29.
1200 205 1358 249 Augusti
1385 204 1502 248 1556.)
1828 201 1913 248 771

161 324 220 366 „111
247 321 374 356 annuis
401 320 551 366 Collegij
578 320 783 366 Pragensis,
809 321 912 355 Anno
937 321 985 355 M.
1000 320 1148 356 D.LV1.
1175 320 1237 355 IV.
1252 319 1326 355 Cal.
1345 320 1441 365 Sept.
1469 331 1489 354 a
1507 319 1614 354 Petro
1632 318 1743 354 Siluio
1766 319 1916 354 Romam

156 374 367 421 perscriptis
392 374 428 408 in
453 373 542 409 haec
568 375 679 409 verba
704 374 816 418 lego.“
870 374 995 408 Altera
1021 385 1124 419 pars,
1156 385 1248 418 quae
1273 373 1309 407 in
1335 373 1424 407 libro
1450 373 1581 407 Raderi
1606 385 1675 407 non
1702 375 1776 414 est,
1802 375 1918 408 trans—

155 428 292 473 scripta
318 429 444 462 estex
470 427 628 462 eiusdem
665 428 782 473 operis
817 427 981 472 exemplo
1016 438 1124 461 manu
1158 426 1312 471 scripto,
1351 426 1444 470 quod
1479 426 1659 461 vetustius
1691 426 1919 471 („Augustae

158 480 427 516 Vindelicorum
455 480 584 524 16112)
613 482 668 515 est
693 492 735 514 ac
760 479 884 514 multis
909 479 998 514 locis
1024 491 1044 514 a
1070 479 1159 514 libro
1184 479 1246 513 illo
1272 479 1452 524 discrepat
1476 490 1592 523 neque
1617 490 1788 524 umquam
1820 479 1919 525 typis

155 534 381 579 exscriptum
416 544 495 567 esse
529 533 691 573 videtum
730 534 851 567 exstat
887 544 981 567 nunc
1016 532 1150 566 Romae
1184 532 1220 566 in
1254 531 1470 566 bibliotheca
1504 531 1676 566 nationali
1713 532 1918 576 (biblioteca

159 587 314 622 Vittorio
340 586 588 631 Emmanuele)
622 585 741 629 „MSS
769 585 908 620 Gesuit.
937 586 1046 620 1358*
1080 585 1128 630 (p.
1155 584 1324 628 21—23).

279 670 505 703 Lectheranos
530 674 560 703 et
578 670 745 703 Hassitas
771 668 950 710 colleye'um
977 669 1107 700 timere.
1154 667 1249 708 Quas
1274 666 1426 699 insidias
1453 667 1566 699 Sociis
1586 671 1730 709 luerent.
1772 667 1848 700 Hos
1874 667 1922 700 (αῖ

158 725 375 767 martyrium
403 727 557 766 paratos
589 733 668 756 esse.
718 722 771 755 De
796 721 1133 762 Ferdinamlorum,
1170 721 1264 762 reglis
1290 723 1320 752 et
1345 719 1569 762 archiducis,
1594 721 1734 762 pietate.
1789 721 1922 761 Quanti

162 777 332 810 Canisius
356 776 399 809 ab
425 775 605 818 omnibus,
636 777 741 808 etiam
766 785 835 808 uon
862 773 1064 816 catholicis,
1088 773 1172 815 fiat,
1198 777 1229 805 et
1254 783 1364 816 quac,
1390 783 1427 805 eo
1454 776 1617 815 auctore,
1643 773 1690 805 ad
1721 773 1919 806 Tem-earnm

158 832 320 873 furorem
349 829 610 872 reprimwzdzmz
637 829 799 861 instituta
824 828 906 860 sint.
959 826 1137 868 Quomodo
1163 825 1301 859 scholae
1327 825 1464 868 collegii
1485 825 1779 868 2)r09recliantm·.

280 930 334 935 ——-
352 929 403 933 —
423 907 586 957 Collegij
607 906 733 945 nostri
751 906 940 944 admoneo
959 917 1106 954 paucos
1127 917 1215 942 esse
1235 904 1299 941 vel
1317 903 1446 941 nullos
1476 903 1738 949 aduersarios,
1768 906 1924 952 praeter

163 968 458 1006 Lutheranos¹:
488 966 553 1015 qui
572 979 644 1004 nos
664 965 840 1011 timeant,
871 977 959 1002 esse
978 963 1188 1014 plurimos3
1219 962 1360 1012 quippe
1381 962 1446 1012 qui
1467 975 1537 1012 per
1565 975 1637 1000 nos
1667 974 1761 1000 suae
1791 965 1923 1000 sectae

163 1025 439 1065 auctoritatem
466 1025 713 1063 minuendam
741 1023 1007 1074 praesagiunt.
1061 1022 1183 1060 Iussit
1211 1021 1324 1060 nobis
1352 1021 1516 1059 indicari
1543 1021 1791 1071 praepositus
1821 1020 1924 1058 arcis

166 1085 376 1134 Pragensis
391 1086 416 1130 2,
446 1084 633 1134 quosdam
652 1084 899 1122 Lutheranos
919 1082 1031 1120 nobis
1051 1081 1179 1120 moliri
1207 1080 1372 1119 insidias
1402 1080 1499 1118 adeo
1527 1083 1571 1118 vt
1599 1093 1677 1118 non
1707 1080 1807 1118 clam
1826 1079 1924 1117 fassi

163 1144 256 1190 sint,
287 1157 329 1182 se
357 1143 459 1181 velle
488 1156 573 1189 nos,
605 1156 691 1181 cum
711 1142 956 1191 contingeret
976 1144 1132 1191 pontem
1161 1140 1397 1188 transgredi,
1426 1139 1466 1177 in
1486 1140 1628 1177 fiumen
1650 1138 1923 1189 praecipitare,

161 1207 202 1241 et
232 1202 367 1240 statim
395 1202 631 1250 aufugere3:
669 1202 737 1240 sed
774 1204 892 1239 noctu
929 1200 1025 1239 foris
1063 1213 1143 1238 non
1179 1211 1403 1237 versamur:
1443 1198 1613 1236 interdiu
1643 1211 1737 1236 vero
1766 1196 1925 1246 negotia

160 1260 407 1300 obedientiae
436 1260 620 1310 intrepidi
649 1261 810 1299 obimus.
863 1260 1037 1297 Fuerunt
1067 1262 1106 1296 et
1134 1258 1296 1296 Doctori
1325 1258 1497 1296 Henrico
1514 1261 1526 1279 ‘²
1554 1261 1719 1307 paratae
1746 1256 1924 1301 insidiae,

163 1325 202 1359 ct
232 1320 396 1359 Doctori
425 1320 564 1358 Tilano
595 1321 682 1368 [sic]
697 1323 721 1366 ⁵,
760 1319 873 1358 alteri
903 1319 1024 1364 domi⁷
1056 1317 1171 1356 alteri
1199 1317 1315 1355 foris:
1347 1317 1552 1366 aliquando
1582 1316 1775 1366 lapidibus
1805 1315 1926 1354 Colle-

162 1380 271 1430 gium
298 1379 508 1429 impetitur.
566 1379 664 1416 Sunt
693 1379 757 1428 qui
785 1382 823 1416 et
852 1378 1073 1416 incendium
1101 1377 1214 1415 nobis
1243 1376 1449 1414 minentur.
1483 1398 1527 1402 —
1559 1397 1610 1401 —

282 1438 486 1477 Archidux
505 1438 787 1483 Ferdinandus,
808 1441 850 1475 vt
871 1437 995 1487 patris
1016 1449 1157 1474 nomen
1177 1436 1338 1474 sortitus
1360 1439 1433 1481 est,
1457 1435 1513 1472 ita
1533 1434 1719 1472 virtutem
1738 1433 1925 1471 imitatur.

165 1498 324 1537 Publice
361 1510 432 1547 per
468 1509 682 1546 praecones
720 1496 954 1546 proclamari
992 1495 1128 1541 iussit,
1167 1507 1216 1533 ne
1255 1495 1339 1543 quis
1377 1494 1467 1532 huic
1497 1493 1669 1542 Collegio
1708 1493 1788 1531 vlla
1816 1493 1857 1530 in
1885 1505 1926 1530 re

164 1570 306 1596 nocere
336 1557 507 1594 auderet.
545 1555 657 1593 Nunc
685 1555 885 1604 profectus
916 1558 974 1592 est
1004 1554 1227 1592 Chiliarcha
1256 1553 1297 1590 in
1325 1553 1580 1601 Vngaria1n⁶‚
1612 1556 1651 1590 et
1679 1565 1701 1590 a
1730 1551 1855 1597 nobis,
1884 1554 1926 1588 vt

164 1616 297 1655 senior
326 1628 508 1653 coronam
523 1617 546 1660 ⁷,
577 1614 632 1652 ita
662 1618 700 1652 et
728 1614 813 1663 ipse
843 1615 999 1662 Agnum
1028 1613 1128 1650 DeiS
1157 1613 1322 1662 accepit,
1352 1625 1464 1661 quem
1494 1624 1626 1649 secum
1654 1610 1754 1649 tulit.
1801 1609 1928 1647 Vnice

165 1675 312 1714 nostris
342 1674 582 1713 orationibus
612 1677 649 1711 et
680 1673 884 1711 sacrificiis
914 1686 956 1710 se
977 1672 1261 1710 commendans.
1311 1671 1385 1717 Qui
1406 1671 1524 1709 etiam
1553 1673 1789 1719 suggerente
1809 1669 1927 1707 Patre

166 1734 326 1773 Canisio
355 1733 546 1779 instituit,
585 1736 628 1770 vt
656 1746 726 1782 per
752 1736 875 1770 totam
906 1732 1134 1770 Bohelniam
1166 1731 1420 1769 innouaretur
1448 1743 1530 1768 mos
1559 1729 1717 1767 meridie
1747 1728 1928 1779 pulsandi

167 1797 305 1832 contra
321 1792 465 1831 Christi
483 1793 632 1838 hostes,
653 1805 699 1829 ac
713 1805 782 1842 pro
798 1791 1043 1830 Christianae
1064 1790 1263 1839 religionis
1278 1802 1463 1839 prospero
1484 1802 1683 1835 successu,
1704 1792 1929 1826 reuerenter

292 1911 301 1931 ¹
327 1909 426 1943 Haec
452 1909 482 1943 si
509 1909 589 1953 quis
615 1920 694 1943 cum
722 1909 859 1952 reliqua
886 1907 1039 1953 epistula
1067 1907 1276 1948 contulerit,
1313 1907 1383 1947 ita,
1409 1906 1444 1940 ni
1470 1906 1594 1948 fallor,
1621 1904 1835 1950 explicabit:
1874 1902 1930 1938 Ex

168 1964 322 1998 adverso
348 1961 491 2005 collegii
517 1962 630 1996 nostri
655 1973 792 2007 paucae
818 1961 877 1995 vel
903 1961 1022 1995 nullae
1049 1961 1174 1994 domus
1199 1960 1291 1994 sitae
1317 1962 1402 1994 sunt
1427 1960 1495 1994 nisi
1522 1959 1818 1993 Lutheranorum.

291 2017 304 2036 ‘²
329 2017 459 2050 Arcem
485 2015 622 2058 regiam
654 2014 897 2057 „Hradschin“
928 2014 1045 2048 dicere
1072 2013 1225 2054 videtur,
1253 2024 1344 2057 quae
1370 2015 1470 2047 trans
1496 2012 1702 2046 Moldavam
1727 2011 1797 2045 sita
1824 2012 1889 2045 est.

292 2070 305 2090 3
330 2068 480 2103 Scholae
506 2069 649 2112 quidem
675 2068 711 2102 in
736 2067 953 2102 monasterio
981 2067 1013 2101 S.
1043 2067 1238 2101 Clementis
1264 2066 1497 2107 habebantur,
1528 2065 1620 2110 quod
1647 2065 1698 2099 cis
1723 2064 1930 2099 Moldavam

172 2135 281 2168 prope
306 2122 486 2167 lapideum
512 2122 613 2155 illum
639 2124 784 2167 pontem
813 2120 1136 2165 („Karlsbrs1cke“)
1166 2120 1275 2154 situm
1301 2122 1393 2160 erat,
1433 2130 1477 2153 ex
1512 2130 1580 2163 quo
1607 2120 1755 2153 sanctus
1781 2117 1931 2151 Ioannes

170 2176 445 2221 Nepomucenus
471 2175 514 2209 ob
540 2177 724 2209 servatum
751 2186 876 2209 sacrae
902 2173 1137 2208 confessionis
1163 2172 1322 2217 sigillum
1349 2173 1384 2206 in
1410 2172 1542 2206 flumen
1567 2171 1826 2216 praecipitatus
1852 2181 1932 2204 esse

171 2229 338 2263 traditur.
374 2228 557 2262 Sociorum
583 2231 703 2262 autem
730 2228 859 2262 saltem
886 2227 1022 2272 aliquot
1047 2229 1148 2260 trans
1174 2226 1305 2260 flumen
1325 2225 1472 2259 editiore
1491 2225 1610 2269 aliquo
1628 2224 1767 2268 Pragae
1785 2223 1932 2258 minoris

172 2281 451 2325 („Kleinseite“)
481 2281 557 2316 loco
583 2281 766 2316 habitasse
794 2281 978 2321 videntur,
1016 2280 1127 2314 donec
1162 2278 1417 2313 monasterium
1453 2278 1708 2312 clement-inum
1743 2277 1846 2322 plene
1881 2276 1932 2310 in-

170 2337 350 2370 structum
377 2337 482 2369 esset.

292 2390 304 2409 ‘¹
332 2388 370 2422 P.
398 2388 552 2421 Henrico
576 2387 760 2432 Blyssem3
788 2388 847 2432 qui
874 2386 1089 2429 theologiam
1119 2385 1356 2429 dogmaticam
1385 2387 1419 2418 et
1446 2384 1602 2428 linguam
1632 2383 1835 2418 hebraicam
1860 2386 1932 2417 tra-

171 2442 280 2476 debat
308 2441 341 2485 (*
354 2442 469 2474 Varus
495 2440 517 2474 l.
545 2452 594 2481 c.;
621 2441 668 2475 cf.
694 2452 802 2486 supra
829 2453 860 2485 p.
889 2440 1011 2482 770¹).

293 2495 305 2514 ⁵
331 2494 370 2528 P.
389 2493 537 2528 Iacobus
555 2493 716 2528 Tilianus
741 2494 893 2539 primum
921 2493 1062 2537 quidem
1090 2491 1349 2537 philosophiam
1374 2491 1543 2531 docebat;
1570 2490 1630 2524 sed
1651 2490 1733 2534 quia
1753 2489 1933 2524 auditores

170 2548 216 2582 ad
244 2559 322 2581 eam
348 2547 463 2581 idonei
488 2559 558 2581 non
583 2547 841 2592 suppetebant,
880 2546 986 2591 paulo
1014 2548 1092 2590 post
1120 2545 1293 2590 epistulas
1320 2543 1490 2577 Paulinus
1517 2543 1748 2588 explicandas
1774 2544 1934 2588 suscepit

175 2602 340 2643 &Varus
366 2600 388 2634 l.
416 2600 475 2643 0.).

292 2655 305 2674 ⁶
331 2653 574 2688 Fer-dinandus
601 2653 775 2687 archidux
802 2656 926 2687 contra
953 2652 1109 2692 Tinctis,
1137 2663 1286 2695 quorum
1314 2650 1493 2684 exercitus
1519 2661 1670 2693 magnus
1697 2649 1872 2694 irruperat
1899 2652 1933 2683 ct

172 2718 293 2742 arcem
320 2706 507 2750 Szigetvar
533 2717 660 2751 capere
686 2706 840 2747 volebat,
868 2706 960 2740 3000
987 2705 1126 2749 equites
1154 2706 1189 2738 et
1215 2704 1361 2738 totidem
1388 2703 1525 2748 pedites
1552 2702 1771 2747 paenultima
1801 2703 1935 2736 mensis

176 2761 331 2803 Augusti
357 2759 574 2793 hebdomade
609 2771 717 2804 prope
743 2760 919 2793 Viennam
955 2758 1124 2792 collectos
1160 2758 1195 2791 in
1222 2757 1443 2799 Hungariam
1480 2756 1632 2789 duxerat
1660 2756 1772 2799 (Hirn
1801 2755 1823 2789 l.
1852 2766 1880 2790 c.
1909 2756 1934 2790 1.

173 2813 344 2856 24—25).

296 2867 308 2887 ⁷
334 2865 578 2900 Ferdinandus
605 2866 629 2900 Ι.
657 2877 720 2899 rex
746 2877 766 2899 a
793 2865 904 2899 Sociis
940 2876 1102 2898 coronam
1132 2864 1264 2897 Heatac
1292 2863 1426 2896 Mariae
1453 2862 1612 2905 Virginis
1648 2862 1725 2896 sive
1761 2862 1933 2896 rosarium

179 2921 380 2964 acceperat.

297 2973 309 2992 ⁸
334 2973 461 3015 Agnus
484 2971 549 3005 Dei
568 2986 611 3001 z
630 2971 745 3014 figura
771 2983 884 3010 cerea,
913 2970 966 3004 cui
995 2972 1110 3013 image
1143 2970 1245 3012 „agni
1264 2968 1348 3002 Dei“
1379 2968 1552 3013 impressa
1580 2970 1653 3006 cst;
1682 2979 1772 3012 quae
1798 2968 1935 3011 figurat¹

176 3025 435 3061 consuetudine
455 3027 576 3058 vetere
595 3036 614 3058 a
632 3036 769 3059 summo
789 3024 955 3069 pontifice
970 3024 1078 3057 certis
1093 3022 1311 3067 temporibus
1326 3021 1546 3055 sollemniter
1558 3024 1756 3055 sacrantur.
1777 3021 1936 3055 Viennae

179 3080 215 3113 in
240 3078 456 3113 bibliotheca
484 3089 651 3112 caesarea
677 3077 798 3112 brevis
825 3076 1101 3111 connnentarius
1127 3087 1233 3109 manu
1260 3074 1416 3118 scriptus
1443 3076 1582 3115 exstat,
1619 3074 1674 3108 cui
1700 3074 1826 3108 titulus
1861 3078 1934 3110 est:

185 3133 368 3175 „Virtutes
394 3132 577 3175 Agnorum
612 3130 677 3165 Dei
710 3130 826 3164 soluta
862 3129 1019 3164 oratione
1055 3128 1203 3162 authore
1240 3127 1289 3162 .P.
1327 3127 1467 3161 Canisio
1494 3127 1682 3161 Societatis
1708 3128 1854 3169 IlfflYffi
1894 3128 1936 3162 de

179 3196 251 3230 quo
277 3185 313 3219 in
339 3184 458 3228 aliquo
484 3196 529 3218 ex
555 3183 810 3228 posterioribus
836 3183 1076 3217 voluminibus
1103 3182 1202 3226 plura
1230 3181 1401 3215 dicentur.

1586 3241 1663 3273 49*
