2113 3430
505 218 559 252 81.
597 216 761 252 Canisius
788 217 970 252 Leonardo
996 216 1135 251 Kessel.
1178 215 1210 249 9.
1237 213 1358 248 Martii
1387 212 1486 247 1550.
1786 212 1867 253 301

527 418 713 461 Chariss
746 418 929 460 Domine
962 432 1012 460 ac
1044 418 1182 460 frater
1214 414 1452 463 Leonarde,

235 501 387 544 Gratia
419 500 579 542 domini
611 500 747 543 nostri
780 500 912 542 IESV
944 499 1170 542 CHRISTI
1211 501 1276 548 te,
1320 497 1566 548 fratresque
1599 508 1746 535 omnes
1778 493 1875 535 istic

115 566 303 609 adiuuet.
357 565 432 607 Bis
462 565 562 616 iam,
596 568 673 608 aut
703 567 772 607 ter
803 565 1023 606 Coloniam
1054 565 1205 606 literas
1238 562 1347 612 dedi,
1381 574 1489 614 quas
1521 560 1575 601 ad
1607 562 1651 601 te
1683 559 1874 612 perlatas

116 631 316 681 arbitror,
350 644 431 684 ego
463 633 562 672 tuas
595 629 741 684 accepi
772 643 1003 682 nunquam,
1039 643 1094 670 ex
1124 643 1207 682 quo
1230 641 1325 669 cum
1347 626 1464 668 hisce
1487 625 1651 666 duobus
1674 623 1876 665 Patribus

114 696 158 738 in
198 695 431 738 Bauariam
472 695 584 738 veni.
650 695 751 737 Sum
791 694 920 736 valde
961 694 1139 747 cupidus
1182 693 1234 735 de
1274 691 1383 742 tuis,
1429 704 1480 732 ac
1519 689 1706 731 fratrum
1747 688 1874 729 rebus

113 760 396 814 intelligendi.
460 760 587 802 Nunc
620 760 819 802 daemum
851 773 958 813 opus
991 772 1085 800 esse
1117 758 1265 807 video,
1307 760 1356 799 vt
1387 756 1494 798 haec
1525 754 1658 796 IESV
1690 752 1875 794 societas

115 826 227 880 apud
261 840 339 867 uos
372 825 503 867 etiam
536 827 748 878 augeatur
761 828 787 867 ἃ.
850 824 943 866 Nos
983 823 1130 864 nidum
1171 822 1433 870 inuenimus,
1474 819 1561 862 tuis
1602 832 1651 861 30
1682 817 1875 872 pluribus

116 891 268 933 auibus
300 890 555 944 recipiendis
588 892 750 944 aptum,
783 891 940 944 parata
973 891 1040 931 est
1072 887 1385 941 quodammodo
1419 899 1574 935 cauea,
1608 886 1779 926 tantum
1811 882 1875 923 in-

114 956 263 998 uolent
294 956 576 1008 vndecunque
608 954 735 1009 pulli,
782 968 888 1007 quos
928 953 1077 995 fouere
1110 952 1352 994 GHRISTO
1388 954 1431 993 et
1463 950 1661 991 uolucres
1703 947 1875 989 efficere

115 1021 362 1062 commodas
396 1020 650 1063 Germaniae
683 1019 913 1072 aliquando
945 1018 1171 1072 possimus.
1234 1017 1354 1066 Quod
1395 1018 1444 1057 vt
1485 1014 1642 1056 clarius
1675 1012 1873 1066 300111130,

115 1086 233 1127 1111011
264 1085 307 1127 111
339 1085 489 1127 vrbem
521 1085 670 1128 literas
697 1085 784 1126 dux
806 1087 955 1126 noster
976 1082 1253 1125 Bauariensis
1270 1083 1298 1132 1,
1331 1093 1575 1134 magnaque
1599 1077 1873 1120 contentione

117 1165 212 1192 cum
245 1151 357 1204 apud
381 1150 643 1199 Cardinales,
676 1152 769 1192 tum
792 1149 906 1203 apud
928 1163 1086 1190 nouum
1108 1146 1392 1189 Ρο111111001112
1424 1147 1560 1194 curat,
1594 1146 1643 1185 vt
1675 1141 1875 1184 societati

117 1219 293 1258 nostrae
326 1217 497 1257 constet
527 1216 607 1256 1100
639 1215 732 1256 1000
766 1229 903 1263 01111111,
938 1217 982 1256 01
1003 1214 1111 1255 110110
1134 1212 1393 1255 instructum
1417 1209 1646 1262 collegium
1661 1209 1690 1250 3.
1734 1207 1875 1257 Quare

119 1280 220 1334 quid
252 1280 493 1322 Christiano
526 1279 624 1321 huic
664 1279 846 1333 principi
887 1279 1096 1321 debeatur
1136 1292 1161 1319 a
1202 1276 1345 1326 nobis,
1389 1275 1554 1328 cogita,
1601 1273 1673 1326 qui
1712 1272 1876 1326 primus

119 1345 231 1399 apud
255 1345 530 1387 Germaniam
561 1359 651 1386 rem
684 1345 952 1399 praeclaram
985 1343 1117 1394 illam,
1152 1342 1227 1384 sed
1260 1341 1476 1383 difficilem
1509 1342 1551 1381 et
1583 1338 1710 1380 valde
1732 1351 1876 1379 raram

119 1410 394 1463 aggreditur,
429 1410 499 1463 qui
531 1409 680 1464 primis
712 1409 830 1451 hisce
862 1408 1081 1451 mensibus
1113 1410 1284 1451 tantum
1316 1405 1478 1448 fauoris
1512 1419 1563 1446 ac
1594 1402 1876 1445 humanitatis

119 1475 240 1517 nobis
272 1475 466 1529 impertit
481 1476 509 1524 4,
548 1477 679 1528 atque
712 1475 819 1516 adeo
853 1475 904 1516 110
936 1477 1031 1516 1013
1063 1474 1142 1515 1130
1175 1472 1308 1514 IESV
1340 1471 1549 1513 societate
1581 1469 1689 1510 bene
1720 1466 1877 1508 mereri

120 1541 278 1590 studet,
312 1543 434 1583 ratus
466 1540 652 1583 fortasse
685 1539 744 1592 (id
778 1539 891 1593 quod
922 1553 992 1581 100
1025 1537 1109 1591 001)
1142 1538 1257 1587 fore,
1300 1540 1349 1579 vt
1380 1538 1627 1578 nostrorum
1658 1532 1877 1587 praesenti

121 1619 251 1660 opera
283 1620 368 1647 non
390 1605 526 1647 solum
549 1605 660 1647 hanc
682 1605 948 1647 academiam
972 1607 1015 1647 et
1037 1603 1270 1646 Bauariam
1293 1615 1428 1651 suam,
1462 1601 1537 1642 sed
1560 1599 1691 1641 etiam
1713 1597 1878 1639 vicinas

120 1670 433 1713 haereticorum
466 1673 615 1724 partes
637 1669 773 1724 possit
795 1669 1001 1711 adiuuare
1024 1669 1130 1711 duce
1153 1667 1410 1710 CHRISTO.
1455 1664 1561 1715 Quid
1584 1677 1686 1706 vero
1709 1662 1876 1712 mirum,

121 1735 157 1777 si
190 1735 439 1778 constitutis
472 1735 641 1790 collegij
675 1734 968 1777 fundamentis
1000 1734 1081 1775 huc
1113 1733 1177 1776 tui
1210 1733 1519 1775 accersantur?
1563 1731 1680 1771 certe
1702 1730 1879 1782 paratos

123 1815 217 1842 esse
250 1814 398 1842 onmes
431 1800 644 1850 conuenit,
679 1803 723 1842 et
754 1799 905 1842 maiori
939 1814 1033 1841 cum
1066 1799 1211 1840 fructu
1243 1811 1372 1851 quam
1403 1795 1500 1838 istic
1523 1808 1601 1836 sua
1623 1793 1690 1846 (ut
1711 1791 1878 1846 opinor)

123 1865 266 1908 studia
287 1866 614 1919 promouebunt,
648 1865 684 1907 01
706 1865 940 1914 1101110011111,
974 1867 1023 1907 vt
1045 1864 1215 1913 vellem,
1248 1860 1485 1904 habitaturi
1514 1862 1627 1902 sunt.
1670 1857 1881 1911 Dispiciet

123 1945 173 1972 ea
206 1931 377 1984 quidem
410 1931 462 1972 de
495 1945 541 1972 re
572 1931 707 1972 Pater
739 1933 783 1972 et
814 1929 1095 1984 Praepositus
1127 1931 1276 1971 noster
1308 1926 1484 1979 digniss.
1520 1924 1639 1966 cuius
1672 1924 1770 1964 dum
1803 1936 1879 1976 pa-

121 2010 264 2038 remus
287 1996 542 2045 sententiae,
571 1995 708 2038 vitam
730 1995 910 2038 vbilibet
933 1998 976 2037 et
998 1994 1261 2037 tutissimam
1285 1995 1328 2035 et
1350 1989 1673 2033 foelicissimam
1697 1988 1878 2041 agimus.

120 2062 185 2103 De
217 2060 339 2102 nobis
370 2060 483 2102 idem
514 2075 646 2115 pene,
689 2061 802 2114 quod
834 2063 964 2102 antea
996 2059 1170 2114 scripsi,
1215 2072 1327 2100 nunc
1369 2055 1651 2111 repetendum
1692 2053 1878 2102 videtur,

119 2126 211 2168 siue
251 2125 481 2176 lectiones,
528 2126 619 2168 siue
666 2125 884 2168 auditores
929 2128 973 2168 et
1016 2125 1211 2167 fauorem
1254 2123 1380 2165 huius
1423 2122 1466 2162 in
1510 2134 1588 2162 nos
1632 2117 1879 2161 academiae

119 2194 303 2246 spectes.
347 2191 565 2233 Admonet
596 2204 664 2232 me
695 2191 903 2245 temporis
934 2190 1060 2232 huius
1091 2189 1217 2238 ratio,
1252 2191 1300 2231 vt
1325 2188 1368 2229 in
1392 2184 1731 2228 confessionibus
1753 2197 1877 2224 occu-

118 2259 267 2310 patum
300 2259 345 2298 te
376 2259 538 2310 putem.
582 2256 722 2309 Perge
755 2269 858 2297 vero
891 2255 949 2297 mi
981 2255 1132 2304 frater,
1167 2257 1211 2297 et
1243 2251 1545 2295 arundines
1578 2251 1877 2302 quassatos

121 2319 253 2375 [sie]5
284 2321 459 2371 fulcire,
503 2323 547 2363 01
580 2335 750 2374 aquas
783 2320 973 2363 existis
1005 2319 1187 2374 petris
1219 2316 1535 2360 110111100106.
1600 2313 1879 2357 Confirma

120 2400 280 2439 quaeso
312 2386 527 2428 fratres
560 2386 716 2428 tuos7
749 2400 799 2428 ac
830 2385 963 2435 filios,
1009 2399 1139 2439 pasce
1181 2383 1377 2437 quamuis
1420 2381 1622 2434 exiguum
1656 2392 1834 2432 gregem
1849 2378 1878 2426 ⁸,

121 2465 223 2493 oues
256 2451 378 2493 effice
410 2466 586 2505 prorsus
618 2451 860 2505 simplices,
896 2451 1002 2493 educ
1036 2464 1110 2492 eas
1142 2450 1184 2491 in
1198 2447 1212 2466 ¹'
1243 2449 1362 2491 uitae
1393 2460 1555 2501 pascua
1586 2444 1657 2486 ubi
1690 2443 1880 2484 sentiant

238 2601 251 2614 ὃ
277 2598 373 2637 (letae
397 2601 604 2639 sequuntur,
634 2607 740 2639 nsque
766 2597 813 2629 ad
839 2594 948 2640 pulli,
983 2606 1005 2628 α
1034 2595 1256 2637 Reiffenbery
1283 2595 1400 2626 vuinus
1428 2596 1592 2625 aeaut-ate
1612 2592 1879 2633 propommmr.

241 2648 254 2666 b
278 2648 410 2682 educas
435 2647 470 2681 in
497 2650 602 2691 Reiff.

244 2782 254 2801 ¹
280 2780 511 2816 Guilielmum
530 2780 591 2814 IV.
619 2783 715 2815 certe
735 2780 900 2815 Canisius
926 2780 1156 2824 significavit,
1184 2792 1298 2823 neque
1324 2781 1410 2812 tunc
1437 2777 1573 2812 sciebat
1599 2787 1678 2809 eum
1704 2775 1735 2809 6.
1760 2774 1879 2808 Martii

123 2847 141 2868 c
179 2835 255 2868 vita
293 2834 502 2868 excessisse.
554 2833 644 2867 Vide
683 2834 873 2878 epistulam
910 2834 973 2867 laii
1009 2836 1045 2867 et
1081 2833 1212 2868 Canisii
1254 2833 1305 2866 10.
1341 2830 1431 2864 lunii
1468 2830 1559 2864 1550
1594 2828 1638 2863 ad
1673 2827 1881 2862 Stockham-

124 2898 260 2921 merum
288 2887 418 2921 datam.
566 2886 579 2906 ²
606 2886 734 2920 Iulium
760 2887 821 2921 ΙΙΙ.

244 2941 257 2960 ³
282 2940 373 2974 Pars
400 2939 587 2985 epistulae,
614 2951 721 2984 quam
749 2939 962 2974 Guilielmus
988 2939 1048 2973 IV.
1076 2938 1143 2972 hac
1169 2938 1211 2971 de
1239 2949 1275 2971 re
1302 2936 1489 2970 Monachio
1515 2935 1571 2970 27.
1592 2934 1772 2969 Februarii
1794 2933 1882 2968 1550

125 2993 169 3027 ad
195 2993 407 3027 Marcellum
432 2992 650 3027 cardinalem
677 2992 920 3026 Crescentium
948 2992 1056 3032 dedit,
1082 2993 1233 3036 ponetur
1259 2990 1362 3031 infra,
1389 3000 1543 3023 monum.
1570 2988 1626 3023 43.

244 3047 257 3066 ⁴
283 3045 471 3080 Provisum
499 3046 605 3080 etiam
634 3056 713 3079 esse
739 3045 851 3079 refert
878 3046 1070 3088 J’olcmeus,
1106 3046 1146 3077 ut
1172 3043 1263 3077 Socii
1291 3041 1501 3086 Ingolstadii
1541 3041 1637 3083 „sine
1669 3039 1882 3084 germanicis

127 3098 313 3140 conviviis,
340 3111 437 3133 more
462 3098 629 3142 religioso
656 3100 764 3142 atque
790 3097 911 3132 italico
938 3097 1061 3131 vivere
1088 3097 1252 3141 possent“
1286 3095 1498 3139 (Clu-(micon
1527 3095 1552 3136 I,
1579 3094 1677 3136 414).

248 3152 260 3171 ⁵
286 3151 415 3186 Matth.
446 3152 498 3191 12,
525 3153 581 3187 20.
726 3152 738 3170 ⁶
764 3151 868 3185 Num.
896 3151 951 3191 20,
979 3152 1010 3185 8.
1046 3150 1104 3184 Ρο.
1133 3150 1188 3190 77,
1217 3150 1269 3183 16.
1414 3149 1426 3168 ⁷
1454 3148 1536 3182 Luc.
1564 3147 1619 3185 22,
1647 3147 1700 3180 32.

249 3205 262 3225 ³
288 3204 341 3239 Cf.
368 3205 427 3239 Ez.
454 3206 510 3247 34,
536 3206 568 3240 3.
614 3206 626 3238 1
659 3205 753 3239 petr.
781 3205 812 3245 5,
840 3204 871 3238 2.
