2113 3430
349 221 441 264 Quid
467 221 739 257 Confessionum
766 223 801 255 et
826 220 1049 255 Testamenti
1074 220 1229 265 supersit
1255 231 1324 254 non
1349 219 1530 263 integrum
1560 219 1607 263 (1.
1634 218 1697 262 2.).
1847 221 1901 262 53

139 339 409 394 appulimus,
455 339 510 380 ad
554 339 659 380 duas
703 337 903 379 nimirum
947 337 1170 379 Calabriae
1216 336 1430 379 civitates.
1504 337 1554 378 In
1597 335 1815 390 priorem1
1859 335 1902 376 vi

141 403 416 458 tempestatis
456 403 542 445 acti
583 417 752 454 sumus,
794 405 896 445 tuae
937 405 1028 444 tum
1061 402 1300 444 voluntatis
1340 401 1502 454 ignari,
1544 401 1615 454 qui
1655 415 1740 442 non
1777 400 1902 442 modo

140 468 351 511 afflictam
396 468 663 521 quorundam
707 467 1021 517 valetudinem,
1067 467 1212 520 quiete
1256 466 1382 516 data,
1428 465 1706 515 refocillasti,
1751 479 1901 507 verum

142 533 274 575 etiam
307 536 505 576 sanctum
538 533 704 574 Pascha
737 532 1039 574 celebrandum
1079 531 1163 573 illis
1204 530 1424 573 commode
1465 530 1725 584 disposuisti.
1788 530 1902 572 Nam

140 612 239 640 cum
292 597 528 651 navigandi
578 597 765 639 facultas
819 597 955 639 omnis
1003 596 1198 646 abesset,
1257 609 1382 637 nemo
1427 595 1509 638 fuit
1555 595 1648 636 fere
1701 609 1755 636 ex
1803 608 1903 636 con-

142 662 471 716 navigaffiibus,
513 663 585 716 qui
622 677 727 713 non,
770 664 1040 704 sacramento
1073 660 1371 704 Poenitentiae
1412 662 1636 714 suscepto,
1680 674 1903 701 commune

140 728 347 781 gaudium
387 727 637 779 adauxerit,
681 730 852 781 sumpto
894 727 945 768 de
986 740 1135 768 mensa
1175 729 1252 768 tua
1285 728 1328 767 et
1368 724 1565 766 manibus
1597 724 1758 767 nostris
1790 738 1902 778 agno

143 792 355 834 Paschali.

261 885 465 919 Historicus
490 884 695 929 provinciae
721 883 969 928 neapolitanae
996 882 1186 917 Societatis
1211 882 1294 916 Iesu
1319 882 1375 916 his
1401 882 1444 916 de
1470 881 1586 923 rebus,
1613 881 1673 915 ubi
1699 880 1903 926 provinciae

142 937 244 972 initia
272 940 415 972 enarrat
430 938 452 978 ‘-'‚
480 937 569 971 nihil
594 937 716 971 refert.

996 1025 1049 1068 Π.

264 1119 319 1152 Ex
346 1118 520 1163 exemplo,
550 1118 643 1162 quod
669 1119 770 1151 Riess
794 1117 915 1151 hausit
941 1128 986 1150 ex
1012 1116 1217 1161 apographo
1244 1115 1387 1150 saeculo
1414 1115 1526 1150 XVII.
1554 1115 1614 1149 vel
1638 1114 1771 1149 XVIII.
1798 1114 1904 1155 facto,

141 1173 239 1217 quod
265 1175 321 1206 est
338 1172 373 1205 in
392 1172 467 1206 cod.
486 1183 623 1205 monac.
647 1171 742 1212 „Lat
764 1171 896 1210 1606“;
922 1169 1090 1204 librarius
1116 1169 1286 1213 antiquus
1311 1169 1515 1214 praefatur:
1547 1168 1606 1210 ,In
1624 1168 1745 1202 Diario
1763 1168 1905 1212 propria

142 1237 252 1260 manu
278 1226 412 1270 scripto
439 1224 626 1268 sequentia
651 1224 791 1258 refert.“
813 1224 826 1243 ³

263 1278 362 1312 Haec
387 1289 471 1322 pars
498 1289 543 1310 ex
569 1277 692 1310 eodem
719 1276 838 1310 codice
864 1275 1068 1318 germanice
1094 1286 1199 1309 versa
1226 1274 1369 1319 ponitur
1395 1286 1415 1308 a
1441 1276 1540 1308 Riese·
1565 1286 1598 1318 p.
1627 1274 1682 1308 78.

264 1362 309 1394 Se
334 1361 481 1402 Romae,
517 1364 705 1403 antequam
740 1361 778 1392 in
809 1360 1040 1392 Germaniam
1076 1359 1225 1401 rediret,
1263 1359 1398 1400 [usique
1432 1358 1546 1390 animi
1578 1357 1747 1389 solacium
1784 1368 1804 1389 α
1832 1358 1905 1390 Deo

142 1416 335 1457 accepisse,
371 1424 412 1445 αι·
442 1417 581 1446 &caneto-s·
606 1413 780 1455 apostolos
805 1423 839 1445 se
869 1413 1084 1445 Germcmiae
1110 1412 1303 1454 apostolum
1332 1412 1575 1444 constituentes
1600 1414 1630 1443 et
1654 1412 1812 1443 maxima
1838 1411 1907 1443 sibi

140 1469 383 1511 promittentes
406 1468 561 1499 sensisse.

262 1548 426 1590 Eodem
449 1561 561 1590 anno
581 1546 755 1601 (15492)
779 1547 942 1588 Romae
965 1546 1121 1588 accidit
1142 1546 1185 1587 111
1208 1546 1386 1588 castello
1405 1546 1446 1588 S.
1465 1545 1621 1598 Angeli
1646 1547 1669 1587 2
1689 1546 1904 1600 Septemb.

145 1617 193 1657 ut
226 1628 305 1667 ego
339 1627 435 1654 011111
467 1612 582 1654 50010
614 1611 782 1655 itineris
814 1611 960 1654 futuro
993 1611 1036 1652 in
1060 1611 1333 1653 Germaniam
1356 1611 1558 1665 Baptista
1580 1611 1752 1652 Turen4
1778 1613 1907 1664 atque

143 1693 243 1721 -cum
284 1678 380 1732 alijs
421 1678 569 1720 decem
609 1677 817 1720 fratribus
857 1677 1118 1718 Panormum
1158 1676 1380 1718 mittendis
1419 1676 1583 1730 primus
1622 1675 1908 1717 Pontificem5

143 1744 413 1797 alloquerer,
463 1746 507 1785 et
553 1742 725 1784 nomine
772 1742 951 1784 duorum
999 1741 1242 1784 absentium
1288 1741 1466 1783 Patrum
1514 1741 1586 1795 qui
1634 1740 1909 1783 Germaniam

144 1808 325 1864 petituri
371 1808 529 1850 erant6
575 1821 843 1849 communem
886 1806 1126 1861 acciperem
1169 1806 1512 1849 benedictionem
1555 1807 1610 1848 ad
1654 1805 1909 1848 osculandos

144 1877 239 1917 tum
279 1874 411 1928 pedes
448 1872 695 1915 Beatissimi
731 1872 999 1926 provolutus.
1062 1872 1235 1915 Interea
1275 1886 1379 1913 vero
1421 1872 1522 1913 dum
1562 1872 1617 1914 ad
1657 1871 1909 1913 salutandos

144 1939 395 1981 Cardinales
445 1938 615 1980 abirent
663 1937 844 1988 fratres,
895 1937 1059 1992 placuit
1102 1937 1336 1979 immensae
1380 1936 1566 1979 bonitati
1605 1940 1708 1979 tuae
1751 1936 1908 1978 Sancte

147 2005 280 2046 Pater
312 2006 356 2045 et
388 2006 564 2045 aeterne
592 2002 808 2053 PontifeX,
842 2005 890 2044 ut
920 2002 1035 2044 illius
1057 2002 1334 2056 Apostolicae
1364 2002 1674 2044 benedictionis
1709 2002 1909 2043 effectum

145 2072 280 2122 atque
325 2068 692 2110 confirmationem
739 2067 923 2109 sollicite
968 2068 1313 2109 commendarem
1356 2067 1577 2121 Apostolis
1620 2066 1706 2108 tuis
1751 2065 1822 2119 qui
1866 2065 1909 2107 in

148 2133 362 2176 Vaticano
395 2133 595 2176 visuntur
627 2136 670 2175 et
702 2132 914 2174 mirabilia
945 2136 990 2175 te
1023 2133 1128 2175 duce
1162 2135 1416 2187 operantur,
1456 2132 1528 2174 ubi
1559 2146 1763 2185 magnam
1795 2130 1910 2172 sensi

145 2198 486 2241 consolationem
519 2200 877 2252 praesentemque
909 2197 1096 2252 gratiam
1136 2200 1258 2240 tuam
1290 2211 1401 2251 quae
1441 2211 1518 2252 per
1548 2197 1660 2239 tales
1701 2196 1909 2238 interces-

144 2278 269 2306 sores
302 2263 405 2304 mihi
436 2263 620 2306 dulciter
651 2263 924 2305 offerebatur.
973 2262 1296 2305 Benedicebant
1330 2262 1442 2304 enim
1477 2265 1520 2305 et
1552 2261 1627 2311 illi,
1663 2260 1909 2303 missionem

146 2329 191 2370 in
215 2329 488 2370 Germaniam
512 2328 837 2377 confirmabant,
871 2342 994 2369 suam
1025 2327 1128 2369 mihi
1150 2328 1271 2371 velut
1293 2327 1502 2381 Apostolo
1528 2326 1784 2369 Germaniae
1808 2339 1909 2367 con-

267 2456 281 2470 3
306 2451 394 2484 1649
422 2451 616 2494 exemplum
645 2455 813 2483 nostrum.

272 2568 281 2587 ¹
307 2566 406 2601 Haec
433 2571 509 2601 erat
535 2566 679 2608 Scalea,
707 2567 821 2601 altera
846 2566 968 2601 Paola.
1020 2567 1128 2607 Vide,
1156 2578 1247 2611 quae
1274 2566 1449 2611 epistulae
1476 2566 1578 2600 modo
1604 2566 1821 2599 memoratae
1849 2564 1909 2598 ad-

149 2619 378 2654 notabuntur.

269 2673 282 2693 2
307 2672 435 2706 Istoria
461 2672 554 2706 della
581 2673 800 2718 Compagnia
826 2673 860 2707 di
885 2672 1005 2714 Giesu,
1032 2675 1290 2718 appartenente
1317 2672 1351 2706 al
1369 2672 1492 2716 Regno
1519 2671 1554 2706 di
1571 2671 1710 2716 Napoli,
1738 2670 1909 2705 desei-itta

148 2726 195 2760 da
221 2727 420 2760 Francesco
446 2727 609 2759 Sche'nosi
635 2725 668 2760 S.
696 2727 728 2761 J.
756 2726 863 2760 Parte
892 2727 908 2760 1
939 2726 1083 2771 (Napoli
1112 2725 1216 2770 1706)
1245 2738 1278 2770 p.
1309 2725 1432 2760 1—20.

270 2779 283 2799 ³
309 2778 540 2812 Scribendum
566 2778 721 2813 fortasse
747 2782 842 2813 erat:
875 2779 1036 2824 „propria
1062 2790 1169 2813 manu
1196 2780 1398 2819 correcto“;
1425 2778 1470 2812 cf.
1497 2789 1606 2823 supra
1631 2789 1664 2822 p.
1693 2777 1748 2811 31.
1777 2776 1831 2810 32.

270 2833 282 2852 ⁴
309 2831 568 2875 Ingolstadium
604 2843 684 2865 cum
712 2831 854 2866 Canisio
889 2833 988 2866 venit
1028 2831 1223 2874 „Iohannes
1249 2831 1414 2876 Baptista
1449 2830 1706 2871 Bramaccius,
1746 2829 1910 2875 Neapoli-

148 2886 291 2926 tanus“‚
326 2884 515 2919 Societatis
555 2884 756 2925 ‚coadiutor
789 2884 1016 2929 temporalis“
1048 2884 1125 2919 sive
1151 2885 1263 2919 frater
1288 2884 1422 2925 laicus;
1458 2883 1540 2918 vide
1566 2884 1678 2924 infra,
1717 2883 1909 2928 epistulam

151 2938 296 2979 Canisii,
323 2938 378 2972 24.
406 2937 529 2971 Martii
558 2938 647 2972 1550
673 2937 717 2971 ad
743 2937 938 2972 Polancum
965 2938 1096 2972 datam.
1141 2938 1307 2972 Fortasse
1337 2938 1574 2971 Brancaccius
1600 2949 1645 2971 ex
1671 2937 1798 2982 oppido
1825 2936 1910 2970 Turi

153 2991 313 3033 (Turres,
339 2990 502 3034 Turum),
528 3002 637 3035 prope
656 2990 801 3024 Barium
827 2991 863 3024 in
889 2991 1035 3035 antiquo
1061 3002 1170 3034 regno
1196 2990 1424 3036 neapolitano
1441 2990 1521 3031 sito,
1548 2991 1646 3024 ortus
1665 2992 1743 3024 erat
1760 2990 1910 3033 ideoque

150 3044 315 3078 Turenus
342 3044 537 3078 dicebatur.
683 3044 695 3063 ⁵
722 3043 874 3077 Paulum
900 3043 962 3077 ΠΙ.

272 3097 285 3117 ⁶
309 3096 380 3131 ΡΡ.
409 3096 596 3131 Claudium
623 3096 734 3130 13111111
771 3098 806 3130 et
839 3096 1062 3141 Alphonsum
1090 3096 1331 3130 Salmeronexn
1367 3096 1472 3137 dicit;
1512 3096 1573 3140 qui
1609 3095 1745 3140 aliquot
1781 3094 1910 3129 hebdo-

152 3149 316 3184 madibus
341 3152 422 3194 post
447 3150 624 3184 Bononiae
644 3149 786 3183 Canisio
812 3149 923 3183 iuncti
949 3152 1043 3189 suut,
1070 3152 1109 3184 ut
1135 3161 1215 3184 011111
1243 3161 1282 3183 eo
1310 3149 1344 3183 iu
1372 3150 1609 3184 universitate
1637 3148 1909 3192 ingolstadiensi

152 3202 369 3246 theologiam
395 3203 589 3237 traderent.
640 3202 691 3236 De
718 3213 787 3247 qua
814 3214 851 3236 re
878 3202 923 3236 cf.
950 3213 1056 3247 supra
1084 3214 1117 3247 p.
1144 3202 1200 3237 48.
