2113 3430
838 200 870 233 5.
897 199 1054 233 Ianuarii
1082 199 1184 234 1554.
1805 204 1890 244 445

126 315 263 369 pocho
295 315 367 369 piu
398 314 553 365 inanzi,
588 318 632 358 et
664 316 742 358 che
765 317 906 369 quello
931 315 1049 371 [che]
1074 331 1097 358 e
1120 319 1342 371 composto
1365 317 1429 359 sia
1451 317 1600 360 limato
1623 320 1668 360 et
1690 318 1890 361 esscritto

126 380 170 422 in
202 394 281 422 sua
311 379 587 434 perfettione,
621 380 657 421 si
691 395 811 423 come
843 381 899 423 ha
931 382 969 422 d'
989 395 1146 424 essere.

245 445 299 487 Se
339 445 507 499 partira
550 448 697 500 presto
739 447 792 488 de
833 461 918 499 qua
957 446 987 488 il
1027 447 1403 489 Reuerendissimo
1445 447 1609 490 Nuntio
1655 448 1768 490 della
1811 463 1889 490 sua

127 509 299 552 Santita
314 510 329 537 1
362 512 407 552 et
429 510 594 552 andara
617 524 696 552 con
719 525 814 553 esso
837 525 895 552 vn
917 512 1031 553 buon
1063 511 1248 565 giouane
1280 512 1345 565 (se
1377 512 1470 554 dice
1499 512 1641 554 nobile
1665 513 1717 555 de
1740 513 1889 566 Stiria)

124 589 202 629 per
233 577 326 617 star
356 575 426 616 nel
459 575 648 629 Collegio
681 576 982 628 germanico2;
1026 580 1069 619 et
1101 576 1300 631 speramo
1334 578 1386 619 de
1417 578 1599 620 mandar
1637 578 1710 631 piu
1742 581 1885 631 gente,

125 653 171 681 se
202 654 289 682 non
320 639 439 681 fusse
477 643 628 693 questo
660 640 989 695 impedimento,
1034 641 1111 683 6116
1142 641 1173 683 11
1204 642 1374 696 parenti
1405 656 1669 696 pensasseno
1702 657 1785 684 non
1818 657 1887 684 re—

124 705 285 746 hauere
306 704 337 745 li
359 704 452 746 suoi
485 705 571 746 alla.
604 719 682 747 sua
703 706 896 756 volonta,
929 719 1000 747 ma
1033 707 1109 748 6116
1141 721 1219 760 per
1249 707 1276 748 l'
1296 707 1559 760 obligatione
1592 707 1733 760 questi
1766 707 1886 750 siano

123 769 302 811 sforzati
334 783 358 811 0
391 770 443 811 (16
474 773 617 812 restar
646 784 725 824 per
755 770 879 813 molti
910 770 1011 812 anni
1042 771 1086 812 in
1118 771 1277 821 Roma,
1321 786 1450 814 ouero
1484 773 1522 814 d’
1541 772 1679 814 andar
1708 772 1753 813 in
1785 772 1887 815 altri

122 833 240 887 luogi
272 833 314 875 di
337 834 582 885 Germania,
618 835 727 876 (10116
758 835 988 877 1166666160
1020 835 1051 876 11
1083 835 1177 877 61101
1208 836 1402 891 beneficij
1419 838 1448 879 3.
1497 837 1585 878 Pur
1617 851 1662 878 se
1694 841 1885 880 restasse

123 899 268 951 quella
298 898 455 941 liberta
488 914 513 941 a
544 900 650 949 loro,
684 899 843 941 sicome
875 900 917 942 al
949 900 1328 943 Reuerendissimo
1360 902 1675 952 Labbaccense,
1710 902 1751 944 al
1784 903 1885 955 qual

123 977 146 1004 e
178 978 398 1017 promesso
432 964 502 1006 dal
533 967 682 1007 nostro
714 965 765 1007 R.
799 965 960 1015 Padre,
1008 965 1085 1007 che
1116 969 1244 1019 potra
1276 966 1306 1007 li
1338 966 1430 1008 61101
1471 981 1497 1009 6
1529 967 1629 1019 qual
1661 981 1707 1008 66
1738 967 1885 1020 voglia

122 1031 268 1082 tempo
300 1029 508 1071 rehauere
523 1030 552 1080 4,
585 1043 670 1070 non
703 1029 850 1072 dubito
884 1029 955 1083 qui
986 1044 1032 1071 66
1062 1032 1380 1073 trouarebbono
1411 1031 1533 1074 molti
1566 1046 1644 1073 con
1671 1031 1701 1073 il
1722 1035 1882 1086 tempo,

121 1184 210 1218 illud
244 1184 350 1229 paulo
376 1185 492 1228 magis
526 1185 696 1230 procedat
734 1186 787 1225 et,
827 1196 918 1228 quae
954 1184 1156 1230 conscripta
1190 1188 1291 1227 sunt,
1328 1186 1516 1228 limentur,
1553 1189 1593 1220 ut
1627 1199 1692 1232 par
1731 1189 1804 1229 est,
1841 1199 1883 1222 ac

122 1238 376 1282 perpoliantur.

238 1291 574 1325 Reverendissimus
609 1290 815 1325 sanctitatis
841 1302 927 1325 suae
952 1291 1126 1325 nuntius¹
1153 1303 1236 1326 mox
1262 1292 1344 1326 hinc
1371 1293 1550 1334 discedet3
1587 1304 1739 1337 quocum
1766 1293 1881 1328 bonus

121 1343 266 1387 quidam
292 1343 503 1378 adulescens
531 1343 702 1387 (nobilem
728 1343 875 1389 Styrum
902 1355 980 1378 esse
1007 1343 1145 1388 dicunt)
1173 1345 1431 1389 proficiscetur,
1458 1347 1498 1379 ut
1524 1346 1559 1379 in
1586 1346 1777 1390 collegium
1804 1358 1882 1390 ger-

120 1397 300 1430 manicum
325 1396 566 1441 recipiatur²3
603 1398 640 1431 et
664 1408 747 1442 spes
773 1400 871 1432 esset
896 1397 1018 1442 plures
1045 1409 1065 1431 a
1090 1397 1193 1432 nobis
1218 1398 1314 1432 mitti
1339 1410 1465 1443 posse,
1500 1398 1569 1433 nisi
1596 1399 1661 1433 hoc
1687 1411 1797 1433 unum
1823 1400 1882 1433 ob-

121 1451 254 1484 staret:
289 1449 464 1484 Parentes
503 1452 650 1484 censent
684 1461 723 1484 se
757 1450 849 1484 filios
876 1462 894 1484 e
921 1450 1072 1493 collegio
1098 1462 1161 1495 pro
1187 1451 1334 1485 arbitrio
1364 1463 1536 1486 revocare
1562 1463 1632 1486 606
1658 1463 1782 1496 posse;
1817 1452 1883 1487 hos

121 1503 215 1536 enim
248 1503 318 1536 fide
353 1503 436 1537 data
471 1503 665 1546 obstringi,
700 1505 741 1537 ut
778 1506 841 1537 aut
874 1503 1095 1548 permultos
1122 1515 1233 1538 annos
1259 1504 1393 1538 Romae
1419 1508 1589 1539 maneant
1623 1508 1686 1539 aut
1719 1505 1755 1539 in
1790 1505 1882 1540 alias

121 1555 333 1590 Germaniae
358 1558 479 1601 partes
504 1556 677 1600 migrent,
704 1556 764 1591 ubi
790 1557 963 1591 beneficia
989 1557 1235 1591 ecclesiastica
1265 1560 1412 1592 teneant
1427 1559 1450 1592 ⁵.
1500 1559 1671 1592 Attamen
1697 1559 1746 1595 si.
1774 1570 1881 1602 quam

119 1609 338 1643 reverendus
375 1612 477 1654 pater
519 1611 641 1643 noster
681 1609 981 1644 reverendissimo
1021 1610 1218 1644 Labacensi
1259 1611 1440 1655 promisit,
1483 1611 1555 1646 illis
1597 1623 1737 1656 quoque
1778 1612 1882 1646 fieret

119 1664 299 1707 potestas,
335 1674 418 1696 suos
453 1662 747 1706 quandocumque
781 1663 927 1697 libuerit
960 1663 1198 1705 revocandi&
1235 1663 1311 1698 61116
1347 1664 1451 1698 (1111110
1491 1665 1596 1698 multi
1629 1665 1802 1710 paulatim
1829 1665 1880 1698 in-

241 1797 250 1817 ¹
277 1796 518 1841 Hieronymus
543 1796 813 1840 Martinengus,
849 1797 909 1841 qui
935 1799 1013 1831 erat
1039 1797 1169 1839 abbas,
1205 1798 1470 1842 protonotarius
1505 1798 1743 1842 apostolicus,
1779 1810 1880 1843 prae-

118 1849 215 1884 latus
249 1849 466 1884 domesticus
501 1849 581 1883 Iulii
606 1849 667 1884 ΠΙ.
706 1850 739 1894 (*
754 1850 869 1884 Breve
896 1851 977 1884 Iulii
1002 1851 1084 1892 HL,
1120 1852 1176 1885 25.
1207 1851 1338 1895 Aprilis
1367 1852 1456 1885 1550
1492 1851 1535 1885 ad
1561 1851 1825 1886 Ferdinandum
1851 1852 1878 1886 I.

118 1903 259 1943 (latium
286 1902 447 1937 Viennae
472 1903 508 1936 in
534 1903 680 1937 archivo
706 1903 810 1937 aulae
836 1915 1035 1945 caesareae,
1061 1903 1222 1938 Romana
1251 1905 1351 1944 1550,
1379 1904 1480 1938 Fasc.
1507 1905 1538 1945 2,
1565 1916 1598 1938 n.
1625 1904 1699 1948 25).

237 1956 251 1976 ²
275 1955 331 1990 Ex
357 1955 550 1999 >¹‘catalogo
576 1956 798 1990 alumnorum
825 1957 966 2001 collegii
998 1957 1212 2001 germanici,
1248 1958 1378 1991 ibidem
1413 1969 1504 1991 6660
1542 1957 1632 1992 1608
1668 1970 1713 1992 ex
1747 1957 1879 1992 litteris

117 2009 324 2054 archetypis
350 2009 541 2054 exscripto,
568 2009 791 2052 intellegitur
816 2022 908 2044 anno
937 2011 1027 2045 1554
1053 2011 1141 2045 duos
1173 2010 1338 2055 „Styros‘
1368 2013 1532 2055 receptos
1558 2022 1656 2045 esse:
1700 2011 1879 2046 Sebastia-

116 2074 202 2096 num
226 2062 372 2096 Molitor
406 2064 442 2096 et
477 2062 697 2107 Stephanum
723 2063 926 2107 Fasthang;
962 2066 1113 2108 uterque
1148 2064 1179 2098 5.
1208 2063 1341 2108 Aprilis
1377 2064 1568 2107 collegium
1602 2064 1789 2108 ingressus
1823 2067 1880 2099 est

119 2114 220 2158 (cod.
246 2127 333 2150 rom.
365 2115 455 2157 7,Α11.
474 2115 553 2150 coll.
572 2117 702 2159 genuf
734 2128 766 2160 p.
786 2116 822 2159 9)
852 2119 888 2151 et
913 2116 1086 2151 dioecesis
1111 2117 1374 2151 neostadiensis
1395 2117 1767 2161 (XViener-Neustadt)
1796 2116 1877 2152 fuit.

117 2168 170 2203 Cf.
198 2170 410 2203 Steinhuber
434 2168 458 2203 l.
487 2180 515 2203 c.
542 2169 568 2209 I,
595 2169 651 2203 42.

235 2222 248 2242 ³
272 2222 370 2256 Inter
403 2222 504 2266 leges
539 2221 680 2266 collegii
715 2222 911 2266 germanici
949 2223 1010 2267 (cf.
1047 2235 1156 2268 supra
1186 2236 1219 2268 p.
1246 2221 1331 2263 436)
1371 2223 1460 2257 haec
1495 2225 1591 2258 erat:
1629 2224 1878 2259 Cal-dinalibus

120 2275 407 2316 „Protectoribus
432 2275 626 2316 incumbat,
654 2303 660 2309 .
689 2303 696 2310 .
725 2303 732 2310 .
758 2276 956 2320 providere,
982 2278 1023 2310 ut
1049 2276 1304 2311 Ecclesiastica
1323 2276 1501 2311 Beneficia
1527 2276 1614 2322 ipsis
1634 2277 1877 2319 Scholasticis,

111 2328 218 2373 juxta
242 2329 416 2363 rationem
451 2328 580 2362 talenti
606 2330 642 2363 et
668 2329 855 2372 dignitatis
882 2329 1073 2374 cuiusque,
1109 2330 1356 2370 conferantur;
1393 2332 1429 2364 et
1463 2330 1666 2375 prospicere
1701 2331 1746 2364 ad
1772 2342 1877 2374 quem

115 2381 340 2425 potissimum
366 2382 535 2427 populum
571 2393 747 2426 quemque
773 2382 869 2416 mitti
904 2383 1113 2424 conveniat,
1149 2385 1312 2428 spectato
1348 2385 1487 2417 tantum
1515 2385 1708 2426 augmento
1735 2384 1877 2418 divinae

114 2434 268 2477 gloriae,
304 2437 340 2469 et
372 2435 531 2480 ipsorum
558 2435 769 2480 populorum
795 2435 1022 2470 necessitate.
1075 2436 1359 2470 Considerabunt
1385 2436 1493 2470 etiam
1528 2436 1599 2478 illi,
1635 2448 1680 2470 an
1707 2437 1877 2482 expediat

114 2486 253 2531 aliquos
287 2487 323 2521 in
356 2487 562 2522 universam
590 2488 820 2522 Germaniam
854 2489 981 2529 mitti,“
1013 2492 1079 2523 etc.
1110 2489 1293 2533 (Cordum
1329 2489 1351 2524 1.
1379 2502 1408 2523 c.
1446 2501 1479 2535 p.
1506 2490 1561 2524 52.
1619 2491 1770 2523 Theium·
1795 2491 1818 2524 l.
1846 2502 1875 2524 c.

117 2552 147 2584 p.
174 2541 372 2574 414—415.
425 2542 587 2574 Pachtler
612 2541 636 2575 l.
663 2553 692 2575 6.
723 2553 756 2586 p.
785 2541 883 2585 381).

232 2595 245 2614 4
275 2593 437 2627 Urbanus
463 2593 597 2628 Textor
625 2593 812 2638 (Weber),
842 2595 1073 2629 1544—1558
1109 2595 1298 2640 episcopus
1333 2595 1534 2630 labacensis
1563 2595 1754 2639 (Laibach,
1793 2597 1875 2631 Car-

114 2646 229 2680 niolae
255 2646 390 2691 caput),
417 2658 508 2680 anno
537 2647 627 2681 1550
645 2647 868 2681 Ferdinando
894 2648 981 2691 regi,
1009 2649 1065 2682 cui
1091 2660 1112 2682 a
1138 2649 1421 2683 confessionibus
1448 2652 1526 2682 erat
1552 2651 1587 2682 et
1613 2649 1875 2692 largitionibus,

113 2699 327 2744 praecipuus
353 2701 477 2734 auctor
512 2700 648 2741 fuerat,
684 2703 724 2734 ut
750 2700 940 2735 Societatis
966 2701 1157 2744 collegium
1184 2702 1344 2735 Viennae
1371 2702 1558 2743 conderet,
1595 2704 1631 2736 et
1656 2702 1770 2736 eidem
1805 2703 1873 2737 col-

112 2752 205 2797 legio
232 2764 411 2786 summum
438 2754 626 2797 patronum
653 2764 692 2786 se
718 2754 927 2798 praestabat
956 2754 1149 2798 (Polam-ecs
1174 2755 1198 2789 1.
1225 2767 1253 2789 6.
1282 2755 1326 2795 ll,
1363 2755 1416 2788 75.
1445 2755 1643 2789 267—268.
1675 2755 1873 2790 272—273.

112 2806 192 2840 277.
236 2807 394 2840 Litterae
428 2807 702 2849 qec(((11·1‘nzest7·‹.¹s
738 2807 772 2847 Ι,
809 2807 1026 2850 459-460).
1077 2807 1144 2841 Hic
1181 2820 1260 2841 611111
1296 2808 1428 2842 litteris
1465 2808 1520 2842 30.
1547 2808 1633 2842 Maii
1663 2809 1754 2843 1553
1780 2809 1874 2843 datis

111 2859 284 2904 petiisset,
310 2861 350 2893 ut
377 2860 444 2893 duo
471 2859 605 2892 alumni
631 2859 686 2893 sui
713 2871 758 2893 ex
784 2859 934 2903 collegio
960 2861 1164 2903 germanico
1190 2862 1235 2895 ad
1261 2872 1300 2895 se
1325 2861 1613 2903 remitterentur,
1650 2861 1683 2896 S.
1709 2863 1874 2906 Ignatius

111 2912 285 2947 27.1unii
324 2912 412 2946 1553
448 2912 652 2957 rescripsit:
695 2913 770 2954 „Ad
808 2915 934 2947 nutum
970 2913 1229 2948 Dominationis
1264 2916 1348 2948 tuae
1384 2914 1721 2949 Reverendissimae
1756 2916 1872 2950 redire

112 2976 172 2999 eos
196 2965 233 2999 in
259 2962 443 2999 Austriam
471 2966 620 3006 curabo,
656 2966 685 2999 si
721 2968 841 3000 tamen
868 2966 1099 3008 eruditiores,
1135 2969 1172 3001 et
1206 2967 1241 3000 in
1268 2967 1443 3001 virtutum
1479 2968 1598 3002 studio
1628 2970 1872 3014 provectiores

111 3019 269 3063 recipere
294 3018 402 3060 velit,
439 3030 498 3052 eos
524 3019 630 3063 paulo
657 3018 792 3053 diutius
819 3020 952 3053 Romae
978 3019 1131 3063 relinqui
1158 3022 1322 3065 oportere
1349 3021 1454 3065 plane
1488 3021 1624 3056 sentio“
1657 3022 1802 3066 (Cartas
1829 3023 1871 3056 de

114 3072 188 3105 San
214 3073 358 3115 [qnae-io
384 3072 446 3113 III,
472 3072 552 3106 405.
581 3072 677 3115 224).
713 3072 824 3106 Iidem
851 3072 894 3106 ab
922 3073 1060 3116 Ignatio
1086 3073 1122 3106 in
1149 3073 1314 3118 epistulis
1339 3074 1394 3108 27.
1420 3074 1603 3109 Februarii
1634 3077 1670 3110 et
1696 3076 1752 3110 25.
1780 3076 1870 3109 Iunii

115 3124 204 3158 1554
230 3124 275 3159 ad
300 3125 451 3159 eundem
478 3125 570 3159 datis
601 3125 935 3167 „Bartholomaeus“
967 3128 1003 3160 et
1032 3126 1248 3168 „Iohannes“
1271 3129 1446 3161 vocantur
1474 3128 1512 3171 (l.
1532 3140 1561 3163 c.
1581 3128 1641 3170 IV,
1664 3130 1744 3163 436.
1763 3128 1870 3171 462);

112 3176 189 3211 ideo
215 3177 360 3212 dubium
388 3189 467 3213 esse
492 3179 555 3213 vix
582 3180 701 3223 potest
727 3179 812 3222 quin
838 3178 861 3212 ii
889 3179 980 3220 sint,
1017 3180 1076 3223 qui
1110 3180 1145 3213 in
1172 3180 1364 3224 *catalogo
1391 3180 1532 3224 collegii
1559 3182 1754 3226 germanici
1781 3182 1868 3216 anti-
