2113 3430
308 399 399 434 1554

308 506 399 541 1554

309 612 401 647 1554

310 690 412 726 1554

310 812 402 846 1554

312 896 414 933 1554

312 1018 404 1052 1554

314 1072 405 1106 1554

313 1178 404 1213 1554

314 1285 405 1320 1554

314 1423 417 1460 1554

315 1551 406 1586 1554

305 1690 418 1731 1554

316 1830 409 1865 1554

269 1915 372 1951 1554
401 1913 465 1951 vel

319 1973 419 2010 1555

244 2030 287 2065 A.
309 2031 411 2072 1554,
429 2030 490 2065 vel
506 2029 508 2036 ⁴

248 2085 489 2119 1555ineunte

319 2139 410 2172 1555

320 2246 410 2279 1555

320 2352 410 2386 1555

323 2490 423 2526 1555

323 2618 413 2652 1555

326 2754 426 2791 1555

327 2843 427 2879 1555

330 2971 417 3005 1555

329 3111 430 3147 1555

508 2224 510 2231 '
564 2246 651 2291 Apr.
680 2244 841 2279 14.—16.

694 175 756 210 IV.
791 175 950 210 Tabulae
976 173 1249 218 chronologicae
1274 172 1372 207 vitae
1399 171 1545 207 Canisii.

563 397 636 431 Ian.
652 396 815 430 —Mart.

537 503 644 537 Mart.
671 502 731 537 vel
757 502 842 548 Apr.

518 621 603 643 vere
629 609 731 654 (Apr.
750 607 863 653 Maio)
883 618 885 625 ⁴

553 686 648 735 Apr.
671 707 721 712 -
741 684 832 723 Mai.

655 809 730 844 Iun.

652 893 738 932 Iun.

570 1017 646 1051 Iun.
673 1016 733 1051 vel
758 1016 823 1052 Iul.

554 1070 655 1104 Iunio
682 1073 837 1105 exeunte

644 1123 704 1168 (26
716 1124 751 1168 ‘?)

662 1177 729 1211 Iul.

561 1284 707 1319 ineunte
732 1284 828 1328 Aug.

599 1421 701 1470 Aug.
734 1422 794 1460 14.

611 1550 691 1585 Oct.
721 1551 774 1585 14.

603 1688 717 1732 Nov.
752 1690 792 1732 3.

647 2137 749 2172 initio

661 2351 747 2396 Apr.

532 2491 604 2528 sub
620 2488 772 2528 initium
783 2486 880 2525 Maii
899 2515 900 2526 ¹

616 2617 704 2653 Maii
732 2618 786 2652 11.

611 2843 707 2881 Maii
739 2844 799 2881 11.

643 2971 718 3005 Iun.
746 2971 778 3005 9.

629 3113 780 3148 aestate

906 290 945 323 In
987 289 1141 325 ecclesia
1186 288 1384 324 cathedrali
1427 287 1461 322 S.
1504 285 1679 332 Stephani
1721 285 2003 320 contionatorem

965 344 1053 387 agit.

906 395 1059 430 Iuvenes
1086 395 1288 441 complures
1306 394 1456 429 Romam
1481 393 1518 427 in
1541 391 1734 436 collegium
1759 392 2002 436 germanicum

966 449 1089 483 mittit.

907 502 1087 536 Andrean]
1103 501 1299 547 Cupicium,
1316 500 1521 535 ministrum
1533 498 1775 540 lutheranum‚
1794 499 2004 533 convertere

967 555 1103 590 frustra
1130 557 1291 589 conatur.

908 608 949 642 In
975 608 1125 652 collegio
1151 607 1371 643 archiducali
1401 606 1625 652 „parentem“
1656 604 1743 649 agit.

909 687 966 724 De
994 688 1231 724 institutione
1253 686 1445 736 pastoraii
1473 685 1747 734 salisburyensi
1780 684 2005 721 sententiam

969 747 1070 783 dicit.

911 811 1098 853 Aegrotat.

912 895 1087 931 Priorem
1132 890 1361 943 „Smnmaffl
1396 897 1551 942 partem
1590 892 1752 929 Romam
1793 892 1909 928 mittit
1949 903 2008 928 re-

971 953 1271 1002 coqnoscendam.

914 1016 941 1050 E
968 1016 1119 1060 collegio
1146 1015 1368 1050 archiducali
1394 1015 1438 1050 ad
1464 1013 1606 1050 sodales
1632 1025 1717 1049 suos
1742 1012 1948 1047 revertitur.

913 1070 1061 1104 Nicolao
1082 1069 1222 1104 Politae
1248 1069 1442 1115 professori
1468 1081 1489 1104 a
1508 1067 1782 1103 Lutheranismo
1808 1065 2009 1101 reducendo

973 1123 1110 1158 frustra
1136 1123 1198 1157 dat
1225 1134 1381 1168 operam.

913 1176 1128 1211 Ferdinandi
1160 1177 1186 1211 I.
1222 1176 1323 1211 iussu
1361 1176 1404 1211 de
1442 1174 1615 1218 religione
1654 1172 1889 1208 instauranda
1927 1183 2007 1207 cum

971 1229 1011 1264 P.
1038 1230 1171 1264 Lanoio
1197 1232 1233 1264 et
1259 1229 1397 1264 duobus
1423 1227 1637 1264 consiliariis
1663 1227 1829 1262 consulit.

888 1289 890 1297 ¹
913 1282 1160 1318 Ferdinandus
1185 1283 1316 1318 iterum
1341 1283 1464 1324 instat,
1490 1284 1531 1317 ut
1548 1282 1777 1327 episcopatus
1801 1278 2009 1314 viennensis

973 1336 1116 1371 Canisio
1141 1336 1355 1381 imponatur.

914 1421 954 1458 F
951 1422 1189 1459 erdinandzis
1208 1421 1241 1459 I.
1262 1421 1386 1470 edicit,
1414 1425 1456 1458 itt
1476 1419 1624 1457 Cavisti·
1645 1418 1890 1456 catechismus
1908 1416 2010 1454 solus

971 1482 1013 1518 in
1035 1482 1248 1530 provinciis
1275 1480 1460 1517 Auso-iae
1487 1479 1686 1528 inferioris
1713 1477 1949 1515 adhibeatur.

916 1550 1081 1585 Canisius
1116 1562 1197 1585 cum
1227 1549 1450 1584 Ferdinando
1485 1560 1571 1592 rege
1607 1547 1651 1582 de
1686 1546 1836 1590 collegio
1870 1544 2010 1588 Pragae

975 1604 1158 1638 condendo
1185 1603 1272 1647 agit.

915 1687 1111 1731 Canisius
1137 1702 1162 1730 a
1184 1687 1292 1730 Iulio
1315 1687 1391 1730 III.
1425 1684 1633 1728 dioecesis
1655 1682 1902 1726 viennensis
1934 1681 2011 1724 ad-

975 1753 1248 1795 ministrator
1278 1753 1333 1795 ad
1365 1766 1526 1794 annum
1558 1749 1851 1793 constituitur.

916 1830 948 1863 A
973 1828 1208 1864 novatoribus
1232 1827 1421 1874 pasquillis
1448 1829 1484 1862 et
1510 1826 1669 1861 dicteriis
1693 1824 1895 1860 lacessitur.

918 1914 1193 1952 Catecleismum
1221 1914 1481 1963 yermanicmn
1510 1924 1556 1950 eat
1576 1915 1692 1961 parte
1719 1908 1928 1947 conscribit.

919 2030 1009 2066 Cum
1036 2030 1246 2065 Sebastiano
1269 2029 1465 2071 Phausero,
1494 2026 1735 2063 Maximiliani
1759 2025 1856 2070 regis
1883 2023 2014 2059 contio-

977 2086 1103 2119 natore
1128 2083 1329 2124 lutherano‚
1356 2083 1528 2128 disputat.

896 2137 1184 2181 4Ferdinandum
1221 2148 1345 2180 regem
1392 2135 1525 2170 litteris
1569 2136 1691 2169 monet
1727 2131 2014 2168 Maximilianum

979 2203 1102 2235 regem
1129 2191 1174 2225 ad
1199 2190 1516 2225 Lutheranismum
1541 2198 1758 2234 propensum
1784 2196 1874 2220 esse.

897 2262 898 2283 1
920 2245 962 2279 In
988 2244 1142 2279 ecclesia
1168 2243 1367 2278 cathedrali
1403 2243 1445 2277 de
1477 2241 1724 2277 communione
1754 2238 1838 2282 „sub
1865 2239 2017 2281 utraque

982 2297 1122 2343 specie“
1153 2309 1171 2331 e
1197 2298 1376 2341 suggestu
1402 2295 1500 2330 dicit.

922 2351 1055 2393 Efficit,
1090 2352 1131 2385 ut
1160 2350 1366 2385 Phauserus
1402 2348 1626 2384 contionator
1659 2346 1800 2381 Vienna
1835 2343 2019 2379 discedere

981 2406 1142 2448 cogatur.

923 2488 1070 2526 canisii
1091 2484 1302 2538 „Snmmcffl
1325 2487 1487 2524 Viennae
1503 2487 1676 2535 primum
1704 2485 1745 2521 in
1774 2483 1891 2520 iucem
1912 2481 2017 2518 emit-

981 2550 1088 2586 titur.

928 2617 1120 2661 „Dialogus
1155 2619 1279 2651 contra
1314 2615 1414 2660 impii
1443 2614 1542 2649 Petri
1579 2612 1712 2648 Canisii
1747 2611 1935 2655 dogmata“
1974 2609 2018 2643 ad

983 2673 1123 2716 portam
1150 2669 1325 2705 ecclesiae
1352 2667 1570 2703 cathedralis
1597 2666 1769 2710 affigitur.

924 2756 1032 2792 Idem
1061 2754 1233 2802 diaioyns
1262 2755 1362 2803 typis
1391 2752 1628 2790 eoescribitur.

925 2844 1143 2881 Stant-stans
1171 2842 1315 2879 Hostus
1352 2843 1494 2890 scripta
1532 2839 1719 2890 quaedam
1755 2848 1827 2873 sua
1867 2834 2020 2872 canisio

985 2902 1277 2951 rec-osmoscemla
1307 2902 1432 2938 mittit.

928 2972 1092 3008 Canisius
1119 2970 1309 3005 societatis
1336 2971 1506 3014 quattuor
1532 2969 1617 3002 vota
1648 2964 1835 3000 sollemnia
1870 2965 2021 2997 renovat

987 3025 1101 3069 iisque
1127 3024 1281 3069 primum
1308 3023 1408 3057 addit
1433 3023 1519 3056 vota
1554 3018 1732 3064 simplicia
1767 3016 2020 3063 professorum.

927 3110 963 3146 A
992 3110 1034 3146 P.
1067 3109 1200 3145 Natali
1230 3109 1419 3144 visitatore
1453 3104 1567 3142 libros
1603 3103 1713 3140 bonos
1741 3113 1957 3151 componere
1985 3105 2017 3137 et

988 3168 1237 3204 disseminare
1264 3165 1424 3203 «iubetur.
