2113 3430
579 216 712 251 Canisii
738 216 1008 251 Testamentum
1034 228 1176 251 sacrum
1206 217 1250 261 (c.
1280 217 1385 262 1596)
1414 220 1445 253 5.
1834 224 1888 265 49

127 332 402 386 chysmuml,
443 332 495 373 de
528 346 611 384 quo
650 332 788 374 dicam
819 334 985 386 postea.
1049 333 1108 375 Et
1140 333 1340 386 quoniam
1371 334 1551 390 Jmperij
1586 337 1758 380 decreto
1792 353 1891 380 san-

128 397 259 440 citum
298 398 418 446 erat,
461 399 510 438 ut
542 397 808 450 Colloquium
840 397 1146 450 Theologicum
1187 412 1211 440 a
1255 398 1479 441 catholicis
1511 400 1636 443 simul
1670 405 1714 445 et
1745 405 1891 457 prote-

129 461 345 504 stantibus
364 461 634 503 Wormatiae
661 462 906 511 haberetur,
941 462 1020 491 ²¹⁴-—
1044 462 1127 504 fuit
1157 462 1193 504 is
1226 477 1363 505 annus
1390 465 1515 516 1557,
1539 467 1620 493 —ss
1653 467 1792 509 uisum
1825 471 1893 511 est

129 526 264 568 eidem
289 525 463 568 Caesari
494 526 614 568 uelut
646 541 745 568 suos
767 527 1009 579 Theologos
1036 527 1082 569 P.
1109 526 1362 569 Gaudanum
1396 531 1440 571 et
1471 543 1538 571 me
1570 530 1671 572 illuc
1703 532 1891 584 mittere,

129 591 200 633 ubi
242 593 286 633 et
325 590 616 632 Louanienses
657 591 829 644 quidam
872 591 1079 644 Theologi
1124 593 1205 621 ²³<—
1227 592 1374 645 magni
1414 594 1597 636 nominis
1619 597 1723 646 ——*,
1769 598 1892 639 nobis

129 655 361 698 adfuerunt
379 655 408 697 2.
480 655 585 697 Mihi
625 658 727 697 tunc
766 655 988 710 prouincia
1028 656 1232 709 contigit,
1274 660 1321 700 ut
1363 658 1532 700 nomine
1574 660 1892 703 Catholicorum

130 720 289 774 scripto
320 722 364 762 et
394 720 495 762 uiua
527 735 645 770 uoce,
678 721 980 775 responderem
1015 721 1278 776 aduersarjis
1305 736 1486 775 quorum
1508 724 1707 779 princeps
1740 727 1893 769 aderat

129 785 322 839 Philipus
344 785 621 827 Melanchton
649 786 730 815 ³⁵—
747 785 832 827 iam
855 788 1072 838 utcunque
1094 789 1271 829 senecta
1295 788 1517 831 confectus
1553 790 1628 832 —>¹<.
1674 791 1757 833 Sed
1780 806 1893 834 noua

130 850 446 892 Luteranorum
467 850 582 892 inter
604 864 649 892 se
672 850 975 893 altercantium
999 851 1207 893 dissensio
1241 853 1323 882 ²²<—
1344 852 1604 905 intercessit,
1634 869 1893 909 causamque

131 914 330 969 praebuit
351 916 446 965 —²'⁵,
481 917 529 957 ut
550 915 630 957 hoc
647 915 967 958 Wormatiense
990 915 1256 969 Colloquium
1286 917 1330 958 in
1362 918 1465 972 ipsis
1495 919 1626 961 etiam
1648 920 1892 974 primordijs

132 981 474 1034 abrumperetur,
510 994 604 1022 cum
626 979 740 1022 inter
761 980 1004 1023 Catholicos
1027 981 1107 1009 ²³—
1125 981 1295 1034 quidem
1314 984 1394 1011 -ss
1423 983 1582 1037 optime
1605 985 1892 1029 conuenireta.

132 1044 226 1098 Ego
260 1045 505 1086 Wormatia
537 1045 755 1086 Coloniam
789 1045 977 1096 excurri,
1011 1059 1061 1087 ac
1094 1046 1264 1097 deiude,
1298 1050 1347 1090 ut
1379 1048 1592 1103 Episcopo
1624 1050 1895 1103 gratificarer

133 1111 476 1163 Argentoratum
503 1109 600 1163 adii,
635 1110 846 1163 simulque
868 1109 1124 1163 Friburgum
1146 1111 1370 1165 Brisgoiae
1404 1113 1542 1155 obiter
1573 1114 1712 1166 inuisi,
1747 1116 1829 1146 *—
1851 1119 1895 1158 et

135 1176 289 1217 Senem
323 1175 583 1217 Glareanum
615 1174 752 1216 amice
784 1175 971 1217 salutaui
993 1177 1074 1203 -->³<
1091 1177 1118 1218 3.
1180 1177 1340 1218 Verum
1375 1192 1430 1219 ex
1462 1178 1640 1222 Austria
1671 1194 1820 1222 rursus
1851 1181 1896 1222 in

134 1239 386 1282 Bohemiam
417 1239 626 1293 proficisci
659 1239 801 1289 habui,
835 1241 884 1281 ut
906 1240 1142 1293 Collegium
1163 1241 1384 1295 Pragense
1407 1244 1520 1297 apud
1541 1245 1592 1286 D.
1617 1245 1894 1297 Clementem,

134 1304 397 1346 liberalitate
419 1303 557 1357 Regia
580 1303 885 1346 fundaretur4:
920 1319 1029 1358 quae
1061 1319 1131 1347 res
1163 1320 1248 1347 non
1270 1307 1418 1361 paucis
1440 1308 1669 1360 mensibus,
1702 1324 1781 1352 nec
1803 1311 1896 1353 sine

134 1370 282 1412 labore
313 1371 538 1411 transacta
570 1372 658 1419 est,
697 1383 766 1410 me
797 1369 970 1412 interim
1002 1370 1045 1411 in
1078 1370 1324 1413 Cathedrali
1357 1373 1573 1424 Ecclesia,
1609 1389 1705 1416 cum
1737 1376 1896 1418 Caesar

133 1433 430 1476 Ferdinandus
453 1433 627 1486 eiusque
649 1433 760 1475 filius
782 1434 861 1488 ipsi
885 1435 1179 1488 cognominis5
1201 1440 1376 1490 praesto
1400 1441 1558 1489 essent,
1593 1439 1894 1483 concionante:

133 1500 198 1540 Ac
230 1498 402 1552 saepius
434 1498 604 1551 quidem
636 1499 817 1540 Romam
851 1502 1079 1551 euocatus,
1121 1501 1204 1543 iter
1244 1502 1419 1556 longum
1453 1503 1619 1545 absolui
1657 1507 1701 1547 et
1733 1505 1788 1547 ad
1820 1520 1895 1547 110-

134 1578 235 1605 uum
258 1563 558 1617 Praepositum
581 1563 835 1606 Generalem
860 1564 1103 1618 eligendum
1131 1566 1306 1617 accessi,
1340 1567 1511 1621 aliaque
1544 1570 1624 1599 *-—
1647 1569 1896 1613 Prouintiae

134 1632 309 1671 nostrae
333 1629 408 1669 ᾗ*
431 1628 606 1682 negotia
629 1629 828 1683 expediui
843 1630 870 1672 6.
907 1630 1010 1671 Cum
1032 1645 1161 1684 porro
1185 1631 1344 1674 Paulus
1366 1633 1449 1674 IIII
1472 1633 1596 1676 Pont.
1620 1634 1746 1676 Max:
1770 1650 1896 1690 prae-

136 1696 251 1735 esset
272 1693 506 1744 Ecclesiae,
531 1694 811 1736 Reuerendus
833 1694 967 1737 Pater
982 1695 1186 1749 Jgnatiiis
1209 1697 1291 1726 >³—
1305 1711 1330 1738 a
1353 1712 1420 1739 me
1442 1698 1527 1739 iam
1550 1703 1680 1741 antea
1702 1700 1896 1742 nomina-

135 1761 206 1800 tus
223 1759 304 1786 —²¹‘
328 1772 350 1800 e
372 1758 482 1800 uiuis
504 1758 572 1812 pie
596 1759 792 1810 decessit,
818 1761 862 1801 et
882 1760 1102 1803 Pontificis
1125 1761 1316 1814 Legatus
1340 1764 1421 1790 *ῳ
1437 1763 1635 1817 idemque
1657 1765 1897 1820 Episcopus

136 1824 273 1866 Italus
294 1823 405 1853 ——*⁷
437 1824 492 1865 ad
513 1823 718 1866 Poloniae
740 1824 938 1877 Regnum
972 1825 1213 1868 destinatus
1245 1827 1341 1877 fuit,
1375 1829 1456 1855 ³²⁴—
1479 1828 1545 1870 cui
1568 1829 1707 1871 uisum
1740 1833 1807 1872 est
1829 1845 1896 1873 me

137 1888 338 1930 comitem
355 1888 563 1942 accipere,
588 1903 713 1941 quem
733 1889 777 1930 in
794 1889 1016 1931 Poloniam
1034 1890 1210 1934 duceret
1233 1906 1375 1933 secum
1394 1894 1489 1935 ——³'<.
1524 1894 1648 1936 Vnde
1666 1895 1898 1937 Cracouiae

137 1967 283 1995 coram
306 1953 418 1995 clero
440 1953 594 1995 Latine
616 1954 749 1996 uerba
771 1953 866 1996 feci.
911 1955 980 1996 Ex
1002 1955 1181 1998 Polonia
1214 1958 1295 1985 *—
1317 1961 1416 2011 post
1437 1972 1597 2012 paucos
1623 1974 1793 2002 menses
1815 1962 1897 1988 —'²<

135 2018 177 2059 in
202 2017 477 2060 Germaniam
508 2019 626 2072 redij,
662 2021 706 2061 et
726 2019 971 2072 Augustam
1004 2020 1195 2062 concessi
1227 2024 1421 2076 tempore
1451 2023 1734 2076 comitiorum,
1769 2040 1897 2078 quum

255 2167 268 2181 ³
290 2162 523 2196 conuenirent
549 2164 646 2197 Mon.

256 2299 266 2319 ¹
295 2297 347 2332 Cf.
373 2309 491 2343 supra,
519 2297 738 2343 prooemium
764 2297 941 2341 generale,
969 2300 1003 2332 et
1029 2309 1120 2343 quae
1147 2298 1240 2332 iufra
1266 2299 1439 2333 dicentur.

254 2351 268 2372 2
293 2351 442 2385 Iodocus
469 2351 665 2390 Tiletauus,
692 2351 904 2385 Franciscus
931 2351 1084 2386 Sonnius
1113 2351 1170 2395 (de
1197 2351 1253 2385 liis
1280 2352 1324 2386 cf.
1344 2364 1376 2397 p.
1397 2352 1470 2396 39),
1497 2353 1674 2388 Martinus
1700 2355 1897 2390 Balduinus

135 2404 338 2443 Rithovius,
366 2404 428 2448 qui
454 2406 578 2449 postea
605 2405 792 2449 episcopus
818 2404 972 2449 iprensis
998 2404 1076 2439 fuit.

255 2458 268 2478 3
293 2457 471 2492 Henricus
497 2457 627 2498 Loriti,
665 2470 709 2492 ex
735 2469 827 2502 pago
854 2457 1032 2492 helvetico
1064 2457 1233 2499 ,Glarus‘
1274 2458 1461 2499 oriundus,
1500 2470 1591 2493 311110
1622 2461 1710 2494 1512
1737 2472 1756 2494 a
1783 2461 1896 2495 Maxi-

136 2510 281 2544 miliano
308 2510 333 2544 I.
360 2510 574 2555 imperatore
600 2511 722 2544 laurea
748 2513 933 2555 poetarum
960 2513 1106 2545 ornatus
1133 2513 1198 2551 est,
1225 2511 1282 2545 vir
1307 2512 1534 2555 antiquarum
1561 2512 1789 2554 litterarum,
1816 2526 1896 2557 geo-

137 2563 328 2608 graphiae,
363 2564 520 2597 musicae
546 2564 805 2608 peritissimus,
842 2575 930 2607 quas
956 2564 992 2598 in
1019 2563 1212 2598 academiis
1237 2564 1462 2608 potissimum
1489 2565 1680 2599 basileensi
1707 2568 1743 2600 et
1768 2568 1897 2601 fribur-

137 2617 238 2660 gensi
264 2616 449 2661 professus
476 2619 539 2650 est.
590 2617 659 2651 Hic
684 2617 840 2651 Luthero
867 2618 1010 2661 quidem
1037 2620 1071 2651 et
1100 2617 1248 2651 Calvino
1274 2618 1375 2651 initio
1401 2618 1553 2652 multum
1581 2619 1736 2661 favebat,
1771 2623 1897 2665 postea

138 2682 242 2711 vero,
269 2669 312 2703 iis
338 2669 466 2703 melius
492 2670 710 2714 perspectis,
737 2672 838 2704 tanto
865 2671 1024 2715 apertius
1052 2673 1087 2705 et
1113 2670 1253 2705 fidelius
1280 2671 1468 2705 ecclesiam
1495 2671 1708 2706 catholicam
1735 2676 1896 2709 sectatus

138 2725 203 2764 est,
230 2725 393 2756 mortuus
419 2722 445 2755 F
448 2722 584 2766 riburgi
611 2734 702 2757 anno
731 2723 831 2757 1563.

257 2778 269 2796 4
296 2775 409 2809 Annis
438 2776 527 2809 1555
555 2778 591 2810 et
619 2776 720 2810 1556.

257 2830 270 2849 5
295 2828 364 2862 Hic
390 2828 562 2873 appellari
588 2829 679 2862 solet
705 2829 877 2863 archidux
904 2829 1149 2863 Ferdinandus
1173 2830 1216 2863 11.
1244 2829 1434 2869 tirolensis,
1462 2833 1610 2874 eratque
1636 2832 1786 2866 maritus
1814 2833 1895 2867 Phi-

138 2882 294 2928 lippinae
320 2881 506 2915 XVelserae
534 2884 569 2915 et
594 2883 697 2926 pater
723 2882 886 2916 Andreae
913 2882 1103 2916 cardinalis
1139 2882 1308 2916 austriaci
1336 2884 1370 2916 et
1406 2882 1561 2928 episcopi
1598 2885 1895 2927 co11stantiensis;

137 2935 383 2970 Ferdinandus
421 2935 567 2968 Tirolim
606 2936 641 2968 et
678 2935 862 2968 Austriam
900 2935 1053 2969 anticam
1097 2935 1461 2979 sVorderosterreich)
1502 2938 1626 2981 postea
1668 2938 1896 2980 gubernavit,

139 2988 326 3022 ecclesiam
354 2987 566 3022 catholicam
594 2999 735 3032 semper
769 2987 958 3031 diligenter
997 2988 1162 3032 protexit.
1214 2988 1335 3021 Vitam
1371 2989 1447 3022 cius
1482 2990 1665 3024 enarravit
1691 2992 1758 3024 Ios.
1786 2993 1895 3036 Hira,

139 3041 340 3085 Erzhcrzog
365 3041 564 3075 Ferdinand
592 3041 634 3074 11.
662 3053 731 3073 von
758 3041 865 3075 'rix-ol.
900 3040 1115 3075 ‹J'cscliiclffe
1142 3041 1258 3074 seiner
1284 3041 1489 3085 Regierung
1515 3043 1584 3076 und
1612 3043 1729 3077 seiner
1747 3043 1896 3080 Lauder.

140 3094 161 3127 2
188 3094 270 3128 voll.
306 3094 503 3128 Innsbruck
534 3094 633 3128 1885.
663 3093 763 3127 1887.

259 3147 272 3166 ‘³
297 3147 388 3181 Vide
413 3158 533 3191 supra,
560 3146 777 3191 prooemium
804 3146 982 3189 generale.

261 3201 273 3220 ⁷
299 3199 470 3234 Camillus
496 3200 703 3233 Mentuatus
732 3199 953 3243 (Mentuati),
981 3200 1167 3245 episcopus
1196 3200 1409 3246 Campaniae
1435 3203 1471 3235 ct
1497 3200 1662 3236 Satriaui.

210 3263 517 3295 Braunsberger,
538 3265 647 3288 Canisii
667 3264 824 3294 Epistulae
843 3266 872 3288 et
892 3265 974 3288 Acta.
1003 3265 1024 3288 1.
1599 3265 1618 3292 4
