2113 3430
227 207 312 247 400
749 204 826 238 125.
865 203 1029 239 Canisius
1055 204 1168 240 Sociis
1194 206 1466 242 coloniensibus.

223 320 358 362 latum
400 320 608 370 arbitror,
652 319 942 362 venerabilem
976 320 1022 362 P.
1056 320 1289 363 Doctorem
1323 322 1604 365 Gaudanum³
1648 327 1692 367 et
1734 338 1802 366 me
1843 324 1987 377 Ingol-

222 385 361 426 stadio
394 388 623 427 reuocatos
655 399 772 435 esse,
815 388 859 427 et
890 385 1140 439 postulante
1172 385 1234 428 ita
1268 386 1548 430 Serenissimo
1580 402 1683 442 rege
1716 388 1986 430 Ferdinando

223 450 434 491 Viennam
466 450 620 492 missos
652 450 945 505 peruenisse1.
990 450 1080 499 Quo
1112 452 1162 492 fit
1193 453 1243 492 vt
1274 450 1317 492 in
1340 451 1530 494 Bauaria
1560 467 1637 495 nos
1670 453 1834 496 frustra
1856 468 1987 507 quae-

221 514 373 557 sierint
405 515 577 565 fratres,
612 530 718 569 quos
751 529 837 557 vna
870 529 965 557 cum
989 514 1108 556 libris
1132 529 1217 556 non
1239 529 1391 569 parum
1413 520 1621 569 granatos
1642 518 1819 560 misistis
1842 519 1986 572 Ingol-

220 579 406 621 stadium
423 580 452 623 2.
496 581 562 622 De
594 580 754 623 nostris
787 583 931 622 autem
965 579 1319 634 occupationibus
1352 594 1402 622 ac
1435 581 1487 622 de
1518 596 1718 624 successu
1742 583 1985 625 viennensis

220 644 387 699 collegij
422 649 471 687 vt
504 646 558 687 ad
592 660 668 687 vos
692 645 884 688 scribant
906 645 993 699 alij,
1029 645 1210 687 curabo:
1245 645 1385 688 Cristo
1407 645 1513 688 libet
1534 647 1701 699 gratias
1724 662 1867 701 agere,
1903 663 1984 701 quo

219 709 325 751 duce
358 713 545 764 augetur
575 711 703 754 isthic
736 710 922 753 fratrum
954 724 1181 760 numeruS,
1215 713 1259 752 et
1291 709 1430 764 magis
1465 711 1690 765 magisque
1724 714 1986 767 splendescit

218 774 408 825 fructus,
452 790 577 828 quem
621 790 715 818 cum
758 774 971 830 patientia
1013 774 1238 829 colligitis,
1285 789 1380 817 cum
1425 776 1662 819 securitate
1704 778 1983 828 conseruatis,

218 840 419 892 quamdiu
453 840 781 883 tribulationum
813 841 904 883 sale
938 840 1196 882 condiuntur
1222 839 1303 882 cibi
1326 840 1476 891 vestri,
1510 855 1616 894 quos
1639 841 1736 895 alijs
1758 843 1984 896 pascendis

215 903 258 945 in
291 905 460 948 Christo
492 906 722 960 largimini.
786 905 962 947 foelices
996 905 1067 958 qui
1099 905 1322 947 vobiscum
1355 908 1493 959 agunt
1530 906 1746 949 studiosos
1788 907 1982 958 dixerim,

217 970 327 1022 quod
362 971 598 1013 clarissime
630 971 822 1022 videant,
857 971 1140 1024 exemploque
1174 972 1321 1012 vestro
1355 971 1537 1021 discant,
1572 971 1672 1024 quid
1705 971 1762 1013 sit
1790 986 1983 1026 pugnare

216 1048 311 1076 cum
344 1036 524 1087 mundo,
569 1036 670 1090 quid
712 1035 952 1091 oppugnari
985 1050 1010 1077 a
1043 1035 1238 1078 Sathana
1270 1035 1446 1088 eiusque
1479 1036 1611 1078 denso
1644 1036 1865 1079 satellitio.
1922 1036 1981 1079 illi

215 1100 292 1140 sub
326 1101 485 1143 vestris
517 1101 597 1143 alis
629 1101 741 1144 tueri
773 1115 819 1143 se
851 1100 979 1143 facile
1010 1103 1194 1154 possunt
1227 1100 1504 1154 quantumuis
1537 1101 1768 1143 frendeant
1800 1115 1851 1144 ac
1896 1101 1983 1143 fre-

214 1169 336 1208 mant
367 1166 537 1217 hostes,
580 1181 761 1221 quorum
793 1166 914 1208 furor
945 1168 1093 1208 vester
1124 1165 1262 1207 honor
1293 1168 1373 1208 est.
1437 1165 1597 1209 Curent
1630 1169 1801 1209 tantum
1833 1170 1981 1209 vestro

214 1243 368 1283 parere
398 1231 599 1286 imperio,
644 1232 679 1273 si
711 1231 899 1273 maxime
931 1245 978 1273 se
1010 1231 1154 1273 saluos
1186 1229 1378 1282 voluntb,
1419 1234 1570 1273 curent
1601 1231 1787 1285 gallinas
1819 1245 1980 1283 amare,

215 1294 250 1336 si
295 1310 341 1337 se
385 1297 525 1350 pullos
573 1297 842 1340 arbitrantur
854 1300 878 1347 ⁰,
927 1298 1079 1338 curent
1123 1295 1234 1338 citra
1277 1298 1462 1346 metum,
1512 1295 1622 1338 citra
1665 1296 1978 1339 solicitudinem

214 1374 383 1403 omnem
415 1376 463 1404 se
494 1362 678 1416 primum
711 1362 894 1404 Christo.
956 1360 1121 1403 Deinde
1154 1360 1276 1403 vobis
1310 1361 1453 1403 omnia
1494 1362 1773 1403 concredere:
1821 1362 1979 1404 Curent

212 1425 467 1480 simpliciter
499 1427 721 1482 excipere,
755 1428 1024 1469 Reuerenter
1055 1426 1324 1476 auscultare,
1367 1428 1619 1468 constanter
1651 1427 1826 1481 explere
1859 1426 1977 1480 quic-

212 1490 312 1543 quid
345 1506 430 1533 non
462 1492 701 1535 iniunctum
733 1492 872 1543 modo,
907 1491 982 1533 sed
1005 1491 1136 1533 etiam
1159 1491 1402 1533 consultum
1425 1505 1450 1533 a
1472 1491 1594 1533 vobis
1616 1491 1762 1535 fuerit.
1798 1492 1976 1534 Vtinam

210 1556 373 1609 apertis
396 1557 593 1600 viderent
616 1558 763 1608 oculis,
798 1560 1005 1610 quantum
1032 1556 1234 1598 adferant
1255 1554 1484 1609 gaudiumd
1507 1556 1595 1598 suis
1618 1557 1785 1610 angelis
1808 1556 1976 1610 quoties

210 1621 482 1665 obedientiae
514 1622 791 1666 satisfaciunt
823 1625 867 1664 et
899 1636 976 1664 suo
1009 1621 1159 1664 relicto
1192 1635 1320 1663 sensu
1353 1635 1399 1663 se
1440 1624 1583 1664 totose
1624 1622 1883 1676 permittunt
1923 1622 1975 1676 ijs

210 1700 316 1739 quos
349 1688 544 1730 Christus
577 1702 661 1730 non
694 1702 818 1730 secus
851 1702 902 1730 ac
933 1687 1122 1742 seipsum
1153 1686 1272 1729 iubet
1305 1686 1443 1728 audiri
1458 1688 1486 1729 3.
1548 1686 1685 1737 Quam
1716 1687 1845 1729 facile
1876 1701 1975 1741 per-

209 1752 407 1795 uenirent
440 1754 494 1795 ad
527 1768 707 1804 summa,
742 1753 778 1796 si
810 1767 921 1806 quae
952 1752 1100 1794 infima
1132 1751 1426 1805 vilissimaque
1458 1754 1559 1794 sunt
1591 1766 1646 1794 ex
1678 1751 1820 1794 animo
1853 1766 1973 1806 sper-

208 1821 360 1861 nerent
383 1818 732 1872 abijicerentque.
775 1819 944 1872 Nempe
966 1820 1015 1860 vt
1038 1831 1191 1859 aurum
1213 1816 1478 1866 amittamus,
1502 1819 1666 1859 terram
1689 1820 1732 1859 et
1754 1817 1972 1871 plumbum

209 1886 253 1925 et
285 1883 447 1925 ferrum
480 1887 729 1926 sectamur?
792 1887 840 1926 vt
872 1897 1062 1925 summas
1095 1882 1225 1924 animi
1258 1882 1508 1937 voluptates
1546 1882 1840 1936 negligamus,
1881 1897 1972 1924 mo-

209 1952 483 1991 mentaneam
515 1949 756 2003 falsamque
787 1949 831 1990 in
864 1948 1075 1991 creaturis
1108 1947 1377 1989 dulcedinem
1408 1947 1696 2001 requirimus?
1738 1947 1838 1989 Non
1860 1947 1974 2001 sapit

208 2013 330 2055 nobis
372 2028 551 2064 manna,
595 2015 694 2067 quia
736 2014 1038 2068 aegyptiorum
1081 2012 1176 2055 ollis
1216 2013 1424 2055 infectum
1465 2012 1700 2055 retinemus
1731 2013 1926 2066 palatum
1942 2014 1970 2063 4,

324 2161 336 2174 ³
361 2156 572 2189 Gandavum
600 2167 721 2199 apogsr.
750 2156 911 2188 alterum.
1067 2153 1080 2173 ¹³
1103 2153 1217 2188 velint
1244 2166 1301 2198 ap.
1329 2155 1392 2191 alt.
1545 2160 1556 2173 ⁶
1582 2154 1802 2188 arbitrentur
1828 2166 1884 2198 ap.
1911 2156 1969 2188 alt.

323 2208 337 2228 ³³
360 2209 481 2253 gaudij
510 2221 566 2252 (cp.
595 2211 655 2242 alt.
803 2213 814 2227 ⁹
839 2208 933 2243 solos
960 2220 1016 2251 (ψ.
1045 2209 1105 2241 alt.

325 2344 331 2362 ¹
360 2345 473 2377 Boero
500 2344 658 2377 affirmat
688 2355 748 2378 cos
775 2344 806 2378 9.
834 2343 956 2377 Martii
982 2343 1158 2377 Viennam
1186 2342 1329 2376 venisse
1359 2342 1518 2386 (Canisio
1544 2354 1577 2387 p.
1605 2342 1668 2383 8&
1708 2341 1782 2376 laio
1808 2353 1840 2386 p.
1869 2340 1966 2383 208).

320 2395 333 2415 ²
359 2396 398 2430 ln
424 2397 614 2431 matricula
640 2397 889 2431 universitatis
917 2396 1122 2430 viennensis
1145 2396 1238 2429 inter
1256 2407 1327 2437 eos,
1354 2395 1414 2440 qui
1433 2397 1588 2429 exeunte
1607 2406 1638 2429 a.
1660 2395 1746 2429 1551
1769 2397 1805 2428 et
1822 2394 1966 2428 ineunte

204 2448 292 2482 1552
320 2462 337 2483 c
377 2450 539 2491 „natione
566 2450 766 2484 Rhenensi“
807 2449 971 2494 inscripti
1006 2451 1110 2491 sunt,
1149 2451 1356 2493 comparent
1386 2448 1561 2490 „Jacobus
1587 2448 1782 2482 Tsanntele
1808 2447 1966 2481 flandrus

200 2502 358 2536 Jesusta‘
390 2506 426 2537 et
451 2503 613 2547 proxime
640 2506 720 2548 post
747 2515 827 2537 eum
858 2502 964 2545 „Otto
991 2502 1176 2536 Briamont
1201 2501 1419 2535 laodinensis
1437 2502 1597 2536 Jesuita⁵²
1631 2501 1730 2544 (Cod.
1756 2500 1965 2543 „Matricula

201 2555 458 2590 Universitatis
487 2556 699 2590 Viennensis
726 2556 806 2591 1Vx‘
847 2558 870 2590 f.
899 2556 974 2590 85³.
1014 2555 1194 2596 Viennae,
1230 2555 1266 2588 in
1301 2554 1449 2588 archivo
1485 2553 1762 2598 universitatis).
1814 2554 1861 2587 Hi
1897 2553 1964 2587 duo

199 2608 347 2643 iuvenes
374 2622 418 2643 ex
446 2609 627 2643 academia
654 2609 873 2650 lovaniensi,
908 2611 947 2642 ut
976 2608 1165 2642 societatis
1191 2608 1272 2642 lesu
1299 2608 1506 2642 institutum
1532 2608 1634 2652 sequi
1666 2609 1828 2653 possent,
1866 2606 1963 2641 Colo-

198 2661 291 2695 niam
319 2662 363 2696 ad
389 2662 428 2696 P.
457 2662 680 2696 Leon-ardum
707 2662 835 2697 Kessel
862 2662 1050 2705 fugerant,
1084 2662 1127 2695 ab
1155 2672 1266 2705 eoque
1292 2661 1417 2695 statim
1444 2661 1488 2695 ad
1515 2661 1637 2695 Socios
1662 2660 1962 2704 ingolstadienses

198 2719 306 2759 :itque
333 2716 376 2749 ab
403 2716 459 2750 his
485 2716 567 2750 ilico
594 2717 637 2750 ad
666 2716 881 2750 viennenses
908 2715 1064 2759 ablegati
1098 2717 1209 2749 erant.
1257 2714 1404 2749 Iacobus
1435 2714 1668 2757 „Tsanntele“
1700 2714 1808 2758 (quod
1835 2725 1960 2747 nomen

198 2769 352 2803 sortasse
380 2773 546 2803 accurate
573 2770 746 2814 scriptum
773 2781 842 2803 non
869 2769 940 2812 cst)
970 2780 989 2803 a
1016 2768 1055 2802 P.
1083 2768 1229 2802 Nicolao
1256 2767 1387 2802 Lanoio
1413 2768 1449 2801 in
1475 2767 1606 2802 litteris
1633 2767 1687 2801 24.
1715 2766 1850 2812 Aprilis
1871 2766 1959 2799 1552

198 2820 335 2855 Vienna
364 2822 512 2856 Romam
538 2823 658 2857 missis
690 2823 859 2865 „Iacobus
885 2822 1186 2856 Aldenardensis“
1218 2823 1379 2855 vocatur.
1430 2821 1574 2855 Tertius
1600 2820 1762 2854 novicius
1799 2830 1878 2854 cum
1917 2819 1959 2852 iis

196 2874 293 2907 venit
327 2875 521 2915 ,Honorius
547 2875 802 2920 Popingensis‘
846 2876 906 2918 (cf.
944 2887 1052 2919 supra
1088 2887 1120 2919 p.
1149 2873 1276 2917 334⁸),
1313 2874 1373 2918 qui
1409 2876 1444 2907 et
1478 2874 1554 2918 ipse
1590 2873 1737 2907 Lovanii
1773 2871 1886 2906 Sociis
1920 2883 1957 2905 so

198 2926 362 2961 iunxerat
392 2930 565 2962 ‹Littrrae
590 2931 865 2972 ‹saa‹lri»wstre.s·
892 2929 925 2969 l,
954 2929 1032 2963 507.
1061 2928 1140 2962 576.
1185 2929 1361 2961 Polam—ns
1386 2927 1408 2961 l.
1437 2939 1466 2961 c.
1494 2927 1537 2968 Il,
1565 2926 1761 2960 563—569.
1805 2926 1956 2967 Reiffen—

197 2979 277 3020 lusi-ss
303 2980 323 3012 1.
345 2992 372 3014 ρ.
402 2993 432 3025 p.
454 2982 603 3015 36—37.
641 2983 771 3015 Sorher
795 2982 816 3016 l.
837 2994 865 3015 c.
885 2994 917 3026 p.
938 2980 1106 3025 27—28).
1143 2980 1197 3014 Ex
1225 2980 1344 3014 verbis
1371 2982 1491 3013 autem
1519 2979 1652 3014 Canisii
1678 2989 1786 3023 supra
1812 2978 1956 3022 scriptis

198 3030 438 3075 intellfflitnr,
467 3037 546 3077 post
572 3038 645 3068 tres
673 3035 752 3068 illos
780 3035 925 3068 Colonia
953 3034 1042 3068 alios
1069 3045 1208 3078 qnoque
1236 3033 1426 3067 Societatis
1452 3032 1686 3067 scholasticos
1713 3031 1768 3065 vel
1797 3031 1954 3064 novicios

202 3084 455 3123 lngolstaelium
485 3087 614 3121 missos
641 3099 737 3122 esso:
766 3100 915 3131 quorum
943 3088 1086 3121 nomina
1113 3088 1247 3131 ignoro,

316 3138 328 3155 ³
360 3139 442 3178 ,43111
472 3151 535 3173 vos
562 3141 670 3177 audit,
698 3152 752 3174 me
780 3141 889 3181 audit,
917 3144 951 3174 et
977 3141 1037 3184 qui
1064 3152 1129 3174 vos
1155 3139 1302 3184 spernit,
1329 3150 1384 3172 me
1410 3137 1564 3182 spernit*
1599 3137 1696 3181 (Luc.
1728 3138 1780 3177 10,
1811 3137 1880 3180 16).

321 3194 327 3209 “
357 3193 408 3224 (Is.
439 3191 501 3225 Ex.
533 3194 583 3233 lli,
611 3195 639 3226 3,
683 3193 786 3226 Num.
815 3194 870 3235 21,
897 3194 928 3226 4.
957 3194 988 3227 5.
