2113 3430
541 184 697 220 Monuni.
727 184 964 229 (viennensia)
998 184 1073 220 100.
1103 183 1191 228 (Sub
1217 195 1349 218 annum
1377 183 1493 227 1556.)
1811 186 1893 227 755

138 298 356 343 transcripta
382 299 417 332 et
444 297 674 342 amplioribus
700 298 819 332 verbis
839 300 1011 332 exornata
1034 309 1112 332 esse
1131 297 1298 332 videntur
1316 309 1336 331 a
1354 297 1465 331 Paulo
1485 296 1587 342 Sarpi
1605 298 1630 337 ¹;
1658 308 1762 341 quem
1781 298 1896 332 secuti

138 353 223 387 sunt
240 351 423 396 Raupach,
450 351 622 393 Koecher,
649 351 864 385 Zezschwitz
892 353 956 385 etc.
999 351 1047 385 At
1065 350 1168 385 diarii
1194 350 1290 385 illius
1308 352 1488 384 auctorem
1515 361 1645 394 magna
1663 350 1731 384 fide
1749 350 1896 394 dignum

137 416 207 439 non
242 415 320 438 esse
355 416 420 438 nec
447 403 578 438 Canisii
610 403 830 446 „Summam‘
849 404 1021 438 'Viennae
1056 415 1147 438 anno
1176 404 1265 438 1555
1295 403 1372 437 sine
1403 403 1676 448 „approbatione
1703 403 1890 437 ordinarii*

136 457 172 492 in
198 457 314 492 lucem
341 469 419 491 esse
446 457 622 498 emissam,
650 457 694 491 ab
720 457 854 491 editore
875 457 1016 502 copiose
1035 457 1222 502 probatum
1241 459 1296 491 est
1313 456 1349 490 in
1372 456 1665 498 7,Κ111601116111611“
1688 468 1721 501 p.
1741 457 1894 491 49-55.

954 589 1075 631 100.

845 678 915 714 Sub
942 688 1077 714 annum
1102 678 1195 714 1556.

261 769 411 802 Carmen
434 769 658 812 probrosum,
684 768 747 801 sub
773 779 805 801 a.
837 770 927 800 1550·
955 769 989 799 in
1022 767 1204 800 Canissum
1231 769 1370 811 eiusque
1397 767 1639 800 catechisnmm
1664 767 1810 808 factam.

259 856 314 890 Ex
348 855 554 900 apographo
590 854 756 898 antiquo,
792 854 885 898 quod
921 856 976 888 est
1004 853 1264 899 Guelpherbyti
1293 853 1586 897 (Wolfenbuttel)
1615 853 1650 887 111
1684 852 1898 887 bibliotheca

139 909 268 943 ducum
293 907 622 948 brunsvicensium,
655 907 729 942 cod.
762 908 836 949 „64.
867 907 920 941 11.
947 907 1068 941 Extr.“
1099 907 1123 941 f.
1151 908 1230 942 5811
1283 907 1338 941 Ex
1371 907 1526 941 carmine
1561 906 1638 952 ipso
1671 906 1898 950 cognoscitur

82 1000 104 1016 ο
140 962 374 1007 compositum
400 961 436 996 id
470 972 548 995 esse
575 960 718 995 Canisio
743 960 838 994 vivo.
891 959 1041 994 Circiter
1066 972 1198 994 annum
1227 961 1316 995 1556
1342 960 1514 1005 scriptum
1543 971 1622 994 esse
1649 971 1694 993 ex
1720 971 1760 993 eo
1787 960 1900 994 conici

140 1017 270 1061 potest,
297 1015 389 1059 quod
415 1014 596 1059 pleraque,
623 1025 714 1058 quae
741 1013 854 1048 codex
880 1012 940 1047 ille
967 1013 1225 1058 complectitur,
1258 1025 1297 1047 eo
1324 1025 1415 1047 anno
1442 1013 1637 1058 composita
1664 1014 1758 1047 sunt.

709 1120 758 1161 In
790 1119 1105 1162 Catechismum
1140 1120 1333 1162 Canisii³¹.

315 1220 444 1263 Forte
477 1233 628 1261 canem
659 1218 810 1272 genuit
842 1219 920 1260 sub
952 1219 1076 1271 nigro
1109 1220 1318 1264 Cerberus
1350 1233 1463 1269 0100,

457 1285 540 1326 Ρ61
571 1283 656 1326 tria
688 1283 874 1338 partitos
908 1283 979 1337 qui
1011 1283 1117 1326 facit
1149 1298 1224 1326 ora
1257 1298 1397 1326 601106.

314 1350 471 1392 Forma
504 1349 600 1391 cani
632 1348 782 1390 similis
814 1348 965 1390 rabido
998 1349 1074 1390 sed
1106 1348 1294 1391 atrocior
1326 1348 1397 1390 ille
1430 1351 1508 1391 est.

456 1414 655 1467 Namque
687 1414 848 1455 malum
880 1413 923 1455 in
956 1427 1135 1468 superos
1167 1414 1285 1455 virus
1318 1414 1371 1455 ab
1405 1427 1478 1455 ore
1511 1413 1667 1456 vomit:

316 1480 374 1522 Et
406 1479 518 1532 quod
550 1493 596 1521 se
628 1478 754 1533 poeni
787 1479 1025 1521 circumdat
1057 1479 1169 1533 pelle
1201 1479 1336 1520 leonis

458 1545 521 1586 Ac
554 1544 724 1597 aquilae
756 1543 912 1598 plumis
945 1558 1021 1586 ora
1054 1544 1208 1586 canina
1240 1544 1373 1596 tegit;

318 1609 402 1651 Sed
434 1623 519 1651 non
550 1609 639 1651 ulla
671 1609 799 1651 datur
830 1609 1010 1651 latranti
1042 1609 1181 1661 gloria
1213 1612 1428 1657 111011611ος

459 1674 601 1716 Nosco
636 1688 798 1725 canem,
833 1674 1030 1727 quamvis
1063 1674 1208 1728 pluma
1240 1674 1392 1727 leoque
1424 1673 1547 1726 tegit.

317 1740 463 1781 Affore
496 1739 557 1781 sic
590 1739 745 1781 cecinit
776 1742 994 1793 postremo
1028 1742 1222 1793 tempore
1254 1738 1408 1789 David,

460 1804 648 1846 Provida
681 1819 790 1858 quae
823 1804 1016 1846 Christus
1050 1804 1101 1846 de
1134 1818 1259 1846 cruce
1291 1804 1425 1846 verba
1458 1803 1604 1846 refert.

318 1869 516 1922 Namque
550 1883 703 1911 canum
736 1869 886 1911 rabida
919 1869 1113 1923 queritur
1145 1883 1190 1910 se
1222 1868 1423 1922 indagine
1456 1867 1582 1922 cingi,

460 1934 581 1983 Quod
612 1935 730 1976 ferus
762 1934 926 1988 pandat
958 1934 1168 1976 morsibus
1202 1948 1279 1975 ora
1310 1934 1389 1983 leo,

320 1998 525 2052 Quodque
557 1999 638 2041 sibi
669 1999 921 2041 immineant
954 2013 1086 2041 cornu
1116 1998 1300 2041 feriente
1325 1996 1411 2052 {⁹1¹¹
1445 1998 1706 2040 Monarchae

461 2064 541 2114 Qui
572 2065 778 2119 praedam
810 2064 935 2107 tetris
969 2064 1166 2106 dentibus
1199 2064 1285 2106 oris
1318 2066 1464 2117 agant.

319 2130 352 2171 O
386 2129 421 2171 si
454 2144 532 2171 rex
565 2129 709 2171 avium
742 2129 902 2179 veniat,
936 2143 1014 2170 rex
1046 2129 1117 2171 ille
1150 2128 1352 2179 ferarum,

458 2194 502 2236 Si
535 2197 706 2248 repetat
738 2195 907 2248 pellem,
943 2196 1117 2236 caetera
1149 2193 1259 2235 risus
1292 2196 1431 2243 erunt,

317 2258 406 2301 Aut
439 2259 475 2300 si
508 2260 620 2312 quod
653 2259 871 2313 proprium
905 2262 972 2301 est
1004 2261 1187 2301 venator
1219 2259 1272 2300 ab
1306 2258 1459 2300 arbore
1493 2258 1608 2299 celsa

460 2324 714 2377 Strangulet
746 2325 984 2374 emeritum,
1020 2324 1134 2374 fune,
1169 2323 1282 2377 quod
1315 2326 1429 2377 opto,
1464 2323 1634 2364 Canem.

264 2485 277 2500 ²²
303 2482 390 2514 Cum
416 2493 557 2515 carmen
585 2482 649 2514 hoc
674 2486 754 2514 <mle
784 2483 825 2514 12
849 2482 925 2523 fere
950 2492 1063 2514 annos
1089 2493 1131 2514 esc
1149 2482 1264 2514 codiee
1279 2481 1577 2524 fflu’Ipleerhsstano
1596 2480 1906 2522 traascriberetur,

146 2535 192 2567 ml
232 2539 389 2567 nostram
427 2535 605 2568 scribendi
642 2536 816 2568 rationem
851 2536 921 2567 siz-e
963 2533 1296 2577 ,,0111109111μῆ1“(()1ι“
1336 2534 1631 2567 accommodatum
1671 2537 1728 2566 est.
1790 2533 1908 2577 Neque

146 2598 273 2630 operae
296 2589 451 2630 pretium
478 2599 546 2621 esse
573 2588 766 2631 ridebatur,
795 2589 914 2620 ceteris
941 2588 1217 2630 ortleosjrapltiae
1244 2587 1477 2620 ›·‹›<t1·tm»z‹l‹w
1500 2588 1620 2629 gyratis!
1640 2586 1786 2619 codicem
1809 2586 1905 2619 illum

148 2642 276 2673 iterum
302 2641 404 2673 adire
432 2641 480 2673 rel
507 2641 712 2674 mittendum
739 2652 877 2674 curare.

265 2692 278 2711 ¹³
302 2694 516 2727 Vocabulum
543 2694 686 2727 obscure
710 2695 893 2737 scriptum.

268 2839 278 2858 ¹
308 2838 450 2880 „Riusci
489 2841 616 2882 questa
652 2839 871 2873 ordinatione
908 2851 972 2873 con
1011 2839 1120 2873 molto
1160 2839 1322 2881 disgusto
1358 2837 1451 2871 della
1478 2838 1582 2871 Corte
1609 2837 1788 2872 Romana‘
1821 2839 1908 2872 ete:

148 2890 307 2925 Historia
344 2891 400 2925 del
437 2891 593 2925 Concilio
628 2891 847 2926 Tridentino.
887 2892 930 2926 Di
968 2893 1084 2926 Pe'etro
1122 2893 1230 2925 *Soza-e
1269 2892 1401 2925 Polano
1430 2890 1584 2934 (Londra
1615 2890 1718 2934 1619)
1758 2890 1778 2925 l.
1807 2891 1825 2924 5
1865 2890 1910 2925 ad

147 2956 178 2979 a.
210 2945 310 2985 1554,
338 2956 369 2989 p.
398 2945 477 2979 377.

1555 3212 1630 3243 1511ς
