2113 3430
261 200 316 241 48
471 197 566 231 VIII.
604 196 737 231 Canisii
763 195 1060 241 autobiographia
1086 196 1164 230 sive
1192 196 1441 233 confessiones
1468 200 1504 232 et
1528 198 1809 233 Testamentum.

261 315 441 368 collegio
486 314 588 355 mihi
633 318 724 357 tum
770 315 1078 366 concionanti³,
1125 318 1217 357 tum
1261 316 1539 358 Rehtoricam
1582 315 1828 371 profitentib
1871 317 2023 369 adfuit,

260 380 330 421 ubi
364 393 511 421 sacras
528 379 772 422 Vrsulanae
805 380 1051 422 sodalitatis
1084 380 1290 434 reliquias
1316 380 1491 423 Colonia
1522 382 1801 424 transmissas
1834 385 1878 425 et
1909 383 2024 424 Mes-

259 458 392 486 sanae
425 444 645 498 depositas
677 445 942 499 perlibenter
974 445 1119 499 accepi
1136 446 1164 487 1.
1213 445 1365 486 Visum
1398 449 1464 488 est
1496 449 1641 489 autem
1672 447 1722 490 R.
1756 447 1802 490 P.
1837 447 2022 501 Ignati0‚

259 523 326 551 me
344 510 527 551 Romam
551 523 573 550 e
592 509 736 552 Sicilia
758 524 964 552 reuocare
987 513 1036 553 ut
1058 511 1112 552 ad
1135 510 1355 552 solennem
1370 511 1451 540 —ss
1473 511 1785 565 professionem
1808 516 2021 564 votorum,

259 588 368 627 quae
390 588 537 616 mense
561 575 802 629 Septembri
826 575 966 617 factac
997 575 1093 626 fuit,
1127 589 1425 630 praepararer,
1459 590 1639 629 meaque
1665 580 1769 620 uota
1801 578 1881 606 ³¹<—
1903 592 2022 620 more

258 642 406 681 nostro
430 640 601 681 ederem
624 640 792 694 publice
814 641 901 670 ——ss
934 655 1012 683 nec
1039 641 1175 683 multo
1207 644 1306 695 post
1338 640 1536 683 mitterer
1558 642 1796 684 Bononiam
1819 658 1915 685 cum
1936 644 2021 685 Re-

257 704 456 746 uerendis
488 705 690 748 Patribus
723 705 898 789 Claudio
930 706 1050 756 Jaio,
1085 709 1129 748 et
1161 705 1383 760 Alphonso
1418 705 1713 757 Salineroned,
1757 707 2021 750 doctoralem

257 770 452 811 laureum
485 773 817 813 consecuturus
831 771 859 820 2,
894 774 938 813 et
970 785 1065 813 cum
1089 771 1249 813 eisdem
1271 770 1424 813 recta
1414 785 1457 812 111
1479 740 1713 813 Bauaiiani
1734 771 2018 826 profecturus.

256 833 451 877 Etenim
480 835 586 877 satis
618 836 863 877 faciendum
897 839 992 878 eiat
1025 836 1243 878 Catholico
1285 836 1327 877 in
1370 835 1520 890 primis
1562 837 1653 866 ss—
1675 840 1719 879 et
1750 837 1909 890 insigni
1929 839 2019 868 -“

256 899 437 954 principi
459 900 642 942 Domino
667 900 924 942 Guillhelmo
948 901 1172 955 utriusque
1195 901 1409 943 Bauaiiae
1436 901 1544 951 duci,
1579 901 1651 954 qui
1674 905 1772 955 post
1795 902 2020 944 clarissimi

257 964 458 1007 Doctoris
491 965 672 1007 ‚loannis
704 965 827 1019 Eckij
861 969 1067 1017 mortem,
1111 981 1136 1008 a
1173 967 1306 1008 Paulo
1340 967 1401 1008 III
1433 966 1536 1008 Pon.
1571 967 1688 1009 Max.
1723 970 1767 1010 et
1799 967 1849 1009 R.
1883 967 1930 1010 P.
1964 967 2018 1010 N.

255 1029 447 1082 Jgnafflo,
482 1031 664 1072 multum
686 1031 944 1084 postularat,
979 1033 1026 1073 ut
1059 1031 1223 1084 aliquot
1250 1046 1272 1073 e
1298 1031 1458 1074 nostris
1481 1031 1690 1084 Theologi
1712 1032 1845 1074 Sacra
1867 1032 2020 1085 Jngol-

256 1094 385 1147 stadij
417 1096 737 1148 profiterentur,
772 1098 816 1138 et
848 1096 1039 1138 scholam
1072 1096 1158 1138 illic
1191 1096 1521 1150 Theologicamss
1553 1097 1642 1127 ²³<—
1664 1111 1750 1139 non
1781 1097 1886 1138 nihil
1919 1111 2019 1139 con-

256 1174 426 1201 cussam
448 1160 549 1210 —12
582 1160 878 1203 instaurarent
891 1162 918 1204 3.
967 1162 1146 1203 Duobus
1167 1165 1313 1204 autem
1336 1161 1431 1216 alijs
1456 1162 1657 1204 Patribus
1680 1176 1786 1215 quos
1809 1162 1910 1213 dixi,
1935 1162 2018 1204 alio

255 1224 418 1274 missis,
458 1239 537 1278 ego
571 1240 656 1267 non
689 1226 826 1268 solum
858 1227 1147 1280 professorem
1181 1227 1271 1280 egi,
1315 1227 1390 1269 sed
1422 1230 1465 1269 et
1498 1228 1727 1269 Rectorem
1758 1227 1872 1268 illius
1902 1226 2017 1269 Aca-

255 1290 421 1332 demiae
454 1291 544 1320 ³²-—
565 1291 774 1345 praebere
807 1292 954 1341 debui,
998 1295 1041 1335 et
1073 1292 1232 1346 partim
1264 1292 1417 1334 Latine
1449 1292 1674 1342 studiosis,
1716 1292 1876 1346 partim
1909 1292 2016 1334 Ger-

254 1355 420 1397 manice
442 1356 532 1385 ——ss
565 1357 722 1410 populo
756 1371 849 1398 sum
883 1357 1173 1400 concionatus.
1228 1357 1358 1400 Venit
1389 1357 1562 1400 interim
1584 1357 1863 1399 Reuerendus
1885 1357 2018 1400 Pater

253 1420 461 1462 Nicolaus
485 1421 717 1463 Gaudanus
740 1422 993 1473 Hollandus,
1028 1426 1075 1465 ut
1106 1422 1222 1477 patri
1244 1421 1509 1465 Salmeronih
1541 1422 1586 1464 in
1607 1423 1788 1465 Jtaliam
1811 1424 2016 1464 reuocato

254 1487 341 1515 ''⁶‘—
364 1488 407 1527 et
439 1486 482 1527 in
505 1486 757 1529 Tridentina
783 1488 948 1541 synodo
971 1488 1208 1542 percelebri
1230 1488 1331 1539 —*,
1367 1485 1647 1538 succedereti,
1681 1488 1868 1541 mihique
1890 1501 2016 1541 prae-

253 1552 390 1593 staret
417 1550 579 1593 socium
611 1554 742 1605 atque
775 1553 998 1606 collegam,
1034 1567 1215 1606 quocum
1248 1568 1302 1595 ex
1324 1553 1511 1595 Bauaria
1543 1553 1587 1594 in
1608 1552 1831 1595 Austriam
1863 1552 2015 1595 deinde

252 1615 542 1659 destinabar4.
606 1617 778 1659 Etenim
820 1618 1103 1661 fundamenta
1135 1618 1393 1660 Viennensis
1426 1618 1602 1673 (lollegij
1637 1618 1930 1660 confirmanda
1971 1621 2015 1660 et

252 1682 545 1734 promouenda
577 1686 723 1734 erant,
767 1697 877 1736 quae
909 1698 1041 1738 supra
1074 1684 1213 1727 dictus
1245 1684 1379 1726 Pater
1410 1683 1611 1725 Claudius
1644 1698 1695 1726 ac
1727 1684 1773 1726 P.
1807 1683 2014 1725 Nicolaus

251 1744 463 1787 Lanoinsk
486 1747 657 1798 Rector,
691 1748 868 1791 fauente
890 1749 933 1790 in
956 1749 1104 1803 primis
1126 1750 1316 1791 Patrono
1339 1749 1610 1790 Ferdinando
1634 1749 1817 1791 Caesare
1842 1750 2013 1791 tantum

251 1814 467 1864 utcunque
499 1811 693 1856 fuerant¹
724 1813 960 1857 inchoataIu
992 1814 1113 1868 [sies
1177 1815 1326 1857 Voluit
1365 1816 1507 1856 autem
1551 1814 1696 1856 diuina
1737 1813 1907 1855 bonitas
1945 1827 2013 1854 me

253 1875 447 1917 Viennae
473 1891 558 1918 non
582 1878 720 1920 solum
742 1879 1021 1932 Theologiam
1049 1880 1216 1930 docere,
1250 1880 1326 1921 sed
1358 1879 1489 1922 etiam
1521 1881 1613 1921 tum
1635 1878 1809 1921 Caesari
1832 1893 1857 1920 a
1879 1878 2013 1920 sacris

254 1955 348 1983 esse
380 1941 662 1985 Conoionibus
695 1958 744 1986 ac
783 1945 870 1974 ss—
895 1945 1173 1988 Austriacum
1195 1946 1285 1975 ——ss
1323 1948 1553 1999 praeterea
1586 1944 1855 1986 conscribere
1887 1944 2014 1986 Cate-

373 2097 385 2111 ‘2
409 2093 641 2128 concionandi
669 2098 745 2129 Soc.
892 2095 906 2114 ¹¹
928 2095 1123 2141 prouiteuti
1152 2098 1229 2130 Sor.
1374 2101 1385 2115 ⁰
1411 2096 1531 2130 facata
1558 2098 1635 2130 Sor.

371 2144 385 2163 ‘¹
408 2145 613 2181 Salmorone
642 2150 717 2182 Sor.
863 2154 876 2168 θ
900 2152 1115 2184 consecutus
1142 2151 1238 2183 Mon.
1385 2148 1396 2168 ¹*
1420 2148 1554 2183 Etinim
1582 2151 1658 2183 soe.

370 2204 383 2219 ’Δ
406 2198 504 2233 1111110
530 2200 757 2235 Theoloicam
785 2203 881 2236 Mon.
1027 2201 1041 2221 ¹¹
1065 2202 1263 2236 Salmoroni
1290 2204 1365 2236 Sor.

371 2250 376 2270 1
405 2254 630 2288 susscederet
657 2258 758 2297 Soae·.,·
784 2256 1013 2289 succederem
1040 2257 1136 2290 Mon.
1288 2255 1303 2274 ¹³
1326 2254 1480 2289 Laonius
1508 2256 1603 2289 Mon.
1755 2253 1761 2272 ¹
1790 2254 1909 2287 fuerat
1935 2256 2010 2287 Soc.

370 2308 637 2341 ¹1¹seribendnm
663 2310 736 2351 fnit
761 2315 821 2342 cml
849 2320 940 2353 quac
975 2321 1085 2354 supra
1120 2309 1237 2343 dictus
1264 2308 1371 2343 Pater
1397 2308 1568 2343 Claudius
1603 2319 1644 2342 ac
1671 2307 1709 2341 P.
1736 2306 1907 2341 Nicolaus
1934 2333 1939 2340 .

252 2357 510 2393 inchoaverant
536 2366 597 2393 (cut
623 2372 714 2405 quae
740 2374 803 2407 per
829 2374 936 2407 snpra
963 2363 1097 2396 dictum
1124 2362 1268 2396 Patrem
1297 2390 1303 2396 .
1333 2390 1338 2395 .
1369 2390 1374 2395 .
1402 2363 1545 2395 fuerant
1570 2360 1746 2395 inchoata.

252 2498 295 2532 ab
322 2499 398 2543 ipso
425 2499 458 2533 S.
490 2500 626 2543 [gnatio
653 2501 687 2534 in
715 2501 946 2544 gubernanda
973 2504 1047 2536 tota
1075 2500 1254 2535 societate
1281 2501 1422 2535 adiutor
1447 2500 1628 2534 adhibitus
1655 2502 1719 2533 est.
1772 2498 1847 2540 Quo
1874 2500 2012 2532 mortno

251 2553 400 2586 summis
427 2553 461 2586 in
481 2552 658 2587 Societate
685 2555 891 2588 muneribus
918 2556 1063 2589 functus
1090 2557 1163 2589 est:
1191 2554 1416 2599 praepositus
1442 2552 1684 2598 provincialis,
1712 2552 1888 2586 assistens
1914 2562 2012 2595 prae-

254 2605 368 2649 posito
392 2607 562 2649 generali,
590 2608 867 2650 commissarius,
896 2608 1052 2642 vicarius
1079 2607 1257 2652 generalis
1285 2607 1363 2641 fuit.
1399 2607 1512 2640 Annis
1538 2607 1627 2640 1555
1656 2608 1691 2639 et
1711 2606 1801 2640 1563
1820 2603 2012 2639 Germania

253 2671 331 2693 euni
367 2660 586 2704 aliquamdiu
619 2661 744 2695 tenuit.
781 2662 944 2695 Mortuus
980 2664 1035 2695 est
1060 2661 1192 2695 Romae
1229 2661 1259 2695 3.
1287 2660 1422 2705 Aprilis
1451 2660 1551 2695 1580.
1603 2659 1690 2693 Eius
1725 2660 1845 2693 autem
1876 2657 2011 2700 „Adno-

252 2713 406 2747 tationes
432 2715 467 2747 ct
485 2714 737 2748 Meditationes
764 2714 799 2748 in
827 2714 1045 2758 Evangelia“
1078 2726 1169 2748 anno
1199 2714 1289 2748 1594
1319 2713 1538 2757 Antverpiae
1565 2712 1680 2746 editas
1706 2713 1781 2745 tres
1807 2710 1859 2745 illi
1884 2709 2011 2743 WVierx

252 2769 285 2799 et
313 2766 380 2799 (luo
400 2766 554 2801 Collaert
576 2767 642 2801 153
665 2767 806 2811 magnis
832 2770 1003 2801 ornarunt
1028 2767 1164 2811 figuris,
1191 2767 1227 2800 in
1253 2778 1313 2801 aes
1339 2766 1472 2800 incisis.
1508 2766 1562 2800 Cf.
1584 2766 1620 2799 C.
1641 2764 1893 2807 ›s'ouzneerroyel
1911 2762 1944 2796 S.
1965 2763 2009 2802 J.‚

255 2818 500 2863 Bibliothoque
527 2821 569 2853 de
596 2820 629 2854 la
656 2820 874 2865 Compagnie
901 2821 943 2854 de
970 2821 1088 2854 Jesus.
1124 2820 1304 2854 Premiere
1330 2820 1455 2864 partie,
1482 2819 1514 2852 Y
1543 2815 2008 2863 (Bruxellcs-Paris1894),

254 2872 495 2906 1517—15‘20.

375 2926 382 2945 ¹
411 2925 499 2959 Vide
527 2926 718 2970 epistulas,
753 2939 842 2971 quas
869 2926 902 2960 S.
933 2926 1093 2969 [gnatius
1129 2927 1172 2960 ad
1200 2926 1381 2960 Canisium
1408 2937 1529 2959 mense
1556 2925 1685 2959 Martio
1711 2935 1741 2958 a.
1773 2922 1860 2956 1549
1891 2923 1927 2955 et
1953 2921 2009 2954 hic

253 2977 296 3010 ad
324 2978 580 3013 (jarthusiansffi
608 2981 637 3013 5.
670 2980 757 3014 lunii
787 2981 875 3014 1:349
903 2980 1087 3013 dedorunt.

371 3032 384 3050 ²²
410 3031 461 3064 De
488 3032 553 3065 hnc
583 3034 799 3076 promotione
827 3033 906 3066 vide
933 3033 1036 3073 infra,
1064 3044 1217 3066 monum.
1245 3032 1300 3066 30.

371 3086 383 3102 ³²
411 3084 507 3117 11:100
534 3087 569 3118 et
595 3097 684 3128 qua«,¹
711 3089 929 3129 sequuntur,
965 3097 1078 3129 usquo
1105 3086 1148 3119 ad
1176 3086 1282 3119 finem
1308 3085 1414 3119 huius
1445 3082 1717 3126 „'l'estamenti·‘,
1749 3080 1805 3115 hie
1832 3079 2008 3125 copiosius

254 3148 320 3170 non
348 3140 583 3180 exponuntur,
611 3139 691 3181 qnia
720 3139 806 3182 ipsis
835 3138 966 3172 Canisii
994 3138 1158 3183 epistulis
1184 3137 1471 3182 explicabuntur.

373 3191 383 3209 ‘¹
412 3189 575 3224 Caluisius
602 3193 633 3224 9.
661 3191 780 3224 Martii
811 3192 899 3225 1:352
926 3191 1101 3225 Viennam
1128 3190 1284 3225 advenit.
