2113 3430
234 206 317 247 676
548 202 704 235 Monum.
735 200 983 244 (coloniensia)
1013 201 1068 235 24.
1098 201 1266 245 (Circiter
1293 203 1346 236 11.
1374 202 1529 237 Ianuarii
1557 202 1675 246 1547.)

231 321 390 370 lubeat,
425 323 469 362 et
501 334 611 373 quae
644 332 800 361 causae
832 318 1029 372 grauitas
1052 322 1096 361 et
1117 318 1385 372 magnitudo,
1420 319 1539 361 cuius
1560 320 1695 362 foelix
1721 322 1765 362 et
1787 333 1997 374 prospera

232 385 451 440 expeditio
492 385 536 426 in
578 384 669 426 eius
709 398 839 425 manu
881 383 967 426 sita
1008 386 1076 426 est
1116 384 1311 438 postulat
1352 387 1396 426 et
1437 384 1641 437 requirit,
1687 385 1823 439 nostrj
1866 384 1996 427 immo

231 450 439 492 ecclesiae
481 463 636 492 caussa
676 449 790 503 apud
831 448 1088 491 Caesaream
1132 448 1409 490 Maiestatem
1453 463 1584 502 agere
1629 453 1673 492 et
1717 463 1870 492 curare
1911 464 1997 491 non

229 519 452 569 grauetur‚
484 513 662 568 [obnixe
686 512 880 569 oramus]
897 518 922 556 ³.
968 513 1089 563 Quod
1112 527 1218 567 erga
1239 517 1337 568 pat:
1371 515 1566 555 vestram
1589 515 1903 569 quamprimum
1926 529 1996 557 res

230 584 406 623 nostrae
439 579 660 622 stabilitae
692 578 878 629 fuerint,
921 578 982 620 sic
1015 592 1295 632 compensare
1337 578 1625 628 studebimus,
1669 583 1717 622 vt
1759 579 1996 635 comperiat

231 645 431 699 quicquid
462 645 505 686 id
538 647 606 687 est
638 644 762 697 offitij
796 658 843 685 se
874 658 960 685 non
983 643 1218 685 contulisse
1249 643 1293 684 in
1325 643 1559 697 ingratum,
1593 644 1728 694 Quam
1751 645 1855 687 deus
1887 646 1996 687 bene

230 710 413 765 sospitet
447 713 490 752 et
521 709 757 751 incolumet
789 709 844 751 ad
877 723 1146 751 communem
1178 708 1428 751 Vtilitatem.
1489 709 1650 752 Datum
1683 710 1884 752 Coloniae
1915 710 1996 752 Die

229 790 288 830 xJ.
322 775 520 829 ‚Januarij
553 774 679 816 Anno
713 776 783 825 47,

349 847 416 888 Ad
450 846 751 888 Confessorem
786 846 900 887 etc.1

348 940 449 979 Vide,
478 939 562 983 quid
590 939 755 973 Canisius
783 939 825 972 de
853 937 936 973 Soto
963 938 1006 972 ad
1035 937 1258 982 Gropperum
1286 937 1478 978 rettulerit,
1506 950 1615 983 supra
1641 951 1673 983 p.
1701 938 1781 972 237.

1067 1055 1158 1096 24.

844 1150 1000 1187 Cireiter
1026 1151 1065 1187 ll.
1094 1150 1260 1187 Ianuarii
1286 1150 1379 1186 1547.

346 1234 386 1268 In
412 1233 576 1278 exemplo
609 1233 913 1278 dusseldorpiensi
947 1233 1150 1268 litterarum
1186 1233 1582 1275 commendaticiarum,
1613 1245 1704 1278 quae
1730 1235 1833 1269 modo
1858 1235 1996 1280 positae

226 1289 320 1327 sunt,
347 1287 413 1321 sub
439 1287 626 1321 vocabulis
657 1287 731 1329 ,Ad
759 1286 1009 1321 Confessorem
1035 1288 1122 1321 etc.“
1154 1287 1277 1321 eadem
1303 1299 1411 1321 manu
1438 1288 1611 1332 scriptum
1638 1290 1711 1322 est:

344 1364 412 1407 Ad
446 1366 484 1408 d.
519 1366 571 1407 de
605 1366 839 1407 Granuella

345 1431 413 1472 Ad
446 1431 867 1473 ViceCancellarium
899 1431 1060 1473 Naues.

344 1524 444 1558 Haec
478 1524 702 1569 patefaciunt
729 1522 909 1557 Canisium
947 1523 1056 1558 etiam
1083 1523 1230 1558 Nicolao
1262 1524 1436 1558 Perrenot
1462 1525 1504 1559 de
1531 1525 1746 1566 Granoella,
1782 1525 1996 1561 cancellario

225 1576 385 1622 imperii,
421 1579 457 1611 et
483 1577 617 1611 doctori
645 1577 767 1611 Ioanni
793 1576 936 1618 Naves,
973 1576 1288 1618 vicecancellari0‚
1326 1578 1369 1612 ab
1396 1578 1558 1623 Adolpho
1586 1579 1627 1612 de
1655 1578 1902 1622 Schaumburg
1934 1591 1997 1624 per

225 1630 401 1675 epistulas
427 1631 716 1665 commendatum
745 1642 835 1664 esse.

346 1690 522 1731 Canisius,
549 1690 633 1734 quid
660 1690 703 1723 ab
730 1690 775 1723 iis
802 1690 1006 1731 obtinuerit,
1034 1690 1110 1734 ipse
1136 1690 1249 1724 refert
1275 1702 1383 1735 supra
1410 1702 1442 1735 p.
1471 1690 1670 1725 235—240.

343 1750 383 1783 In
410 1750 512 1783 domo
538 1749 757 1794 probationis
777 1748 810 1783 S.
831 1749 864 1783 J.
891 1749 1126 1783 trunciniensi
1156 1749 1447 1792 (Tronohiennes‚
1467 1750 1502 1783 in
1522 1750 1661 1793 Belgio)
1690 1750 1841 1795 pulchra
1866 1751 1995 1795 imago,

225 1814 245 1836 a
271 1803 327 1837 Fr.
355 1802 541 1844 Quartier,
577 1803 767 1837 Societatis
794 1803 875 1836 lesu
902 1803 1040 1836 artifice
1069 1803 1183 1846 belga,
1211 1803 1316 1848 picta,
1344 1805 1563 1843 asservatur,
1591 1803 1626 1837 in
1653 1815 1723 1848 qua
1751 1803 1915 1838 Canisius
1941 1816 1993 1838 re—

224 1858 478 1901 praesentatur
505 1868 584 1890 cum
612 1856 738 1890 Carolo
765 1857 808 1890 V.
837 1859 873 1890 et
900 1856 1031 1890 Ottone
1058 1856 1232 1890 cardinali
1259 1858 1461 1899 augustano
1488 1868 1600 1899 agens
1616 1857 1638 1890 ².

344 1928 497 1961 Micleaffil
533 1929 689 1961 Strnnelc
727 1927 761 1961 S.
802 1928 833 1961 J.
873 1928 909 1961 in
949 1927 1137 1961 annalibus
1176 1927 1543 1972 paderbornensibus:
1587 1927 1826 1972 „Adolphus“,
1866 1928 1993 1972 inquit,

229 1979 362 2021 „literis
396 1981 532 2026 potitus
570 1980 713 2024 [quibus
739 1992 760 2014 a
787 1981 898 2014 Paulo
926 1981 988 2015 III.
1017 1981 1048 2014 3.
1076 1981 1155 2014 Iulii
1185 1981 1273 2015 1546
1309 1981 1579 2015 administrator
1615 1981 1827 2015 coloniensis
1863 1981 1991 2015 consti-

223 2035 324 2067 tutus
351 2034 439 2077 est]‚
475 2046 518 2068 ne
546 2034 629 2078 quid
656 2036 791 2068 temere
818 2037 854 2068 et
880 2034 1081 2068 inconsulte
1108 2034 1262 2075 faceret,
1289 2034 1427 2068 consilii
1455 2046 1564 2069 causa
1590 2034 1739 2068 Petrum
1765 2034 1947 2068 canisium
1973 2046 1992 2069 e

224 2086 402 2121 Societate
430 2087 509 2121 Iesu
538 2087 683 2121 Colonia
711 2087 809 2121 misit
836 2088 880 2121 ad
907 2087 1111 2128 Caesarem,
1139 2088 1254 2122 adhuc
1282 2088 1317 2121 in
1343 2087 1497 2122 comitiis
1525 2090 1692 2131 agentem
1711 2087 1959 2122 Ratisbonae.“
1980 2088 1993 2108 3

223 2135 264 2174 ln
290 2140 358 2174 hac
383 2141 563 2174 sententia
589 2141 673 2184 quid
699 2153 826 2175 verum
852 2141 910 2181 sit,
937 2141 1025 2185 quid
1054 2140 1195 2182 falsum,
1225 2141 1292 2175 iam
1321 2152 1409 2186 opus
1434 2153 1504 2175 non
1531 2143 1586 2175 est
1611 2153 1789 2186 exponere
1804 2143 1827 2175 ⁴.

343 2205 572 2240 Colonienses
607 2205 768 2239 laborum
796 2217 816 2239 a
844 2205 984 2239 Canisio
1020 2218 1082 2250 pro
1108 2217 1147 2239 se
1183 2208 1431 2250 susceptorum
1463 2206 1577 2239 eidem
1613 2206 1766 2248 gratiam
1793 2205 1991 2240 reddidisse

223 2259 479 2304 posterioribus
514 2259 619 2293 liuius
653 2259 771 2303 operis
797 2259 1038 2293 voluminibus
1070 2260 1227 2304 patefiet.
1280 2260 1346 2293 Hic
1372 2259 1461 2293 haec
1486 2262 1628 2293 tantum
1653 2259 1808 2293 notanda
1834 2269 1913 2293 esse
1939 2259 1990 2292 vi-

223 2312 370 2347 dentur:
408 2313 541 2346 Canisii
577 2312 816 2347 catechismus
843 2313 878 2346 in
909 2313 985 2357 ipsa
1021 2312 1108 2346 urbe
1144 2313 1337 2347 coloniensi
1372 2313 1452 2357 plus
1479 2324 1585 2356 quam
1621 2311 1859 2356 quinquagies
1892 2312 1990 2357 typis

224 2365 424 2410 descriptus
460 2367 533 2405 est;
572 2368 782 2399 universitas
817 2367 1026 2399 coloniens-is
1059 2377 1197 2400 summo
1232 2365 1391 2411 pontifici
1426 2365 1590 2410 scripsit:
1627 2377 1664 2399 se
1705 2366 1759 2407 7,in
1794 2365 1990 2399 venerabili

222 2418 331 2452 Patre
357 2419 464 2452 Petro
491 2418 633 2452 Canisio
668 2418 845 2461 insignem
873 2430 890 2452 e
917 2419 1052 2463 gremio
1078 2430 1142 2453 suo
1175 2419 1347 2453 athletam
1375 2419 1545 2452 Societati
1572 2419 1678 2457 Jesu.
1715 2418 1928 2453 Germaniae
1954 2421 1990 2452 et

222 2472 288 2506 toti
315 2471 477 2516 Europae
512 2471 746 2516 progenuisse
772 2483 810 2505 se
837 2472 1011 2517 imprimis
1037 2472 1225 2515 gloriari“;
1263 2474 1411 2506 cunctas
1438 2473 1558 2516 itaque
1594 2471 1842 2506 universitatis
1878 2471 1988 2506 facul-

223 2527 318 2559 tates
344 2536 482 2569 rogare,
509 2527 549 2559 ut
568 2525 732 2559 Canisius
760 2525 1022 2570 quamprimum
1047 2526 1212 2569 catalogo
1231 2526 1415 2560 beatorum
1435 2525 1689 2560 inscriberetur
1704 2526 1726 2560 ⁵.
1762 2527 1814 2559 Ac
1835 2526 1989 2559 Clemens

342 2678 355 2691 ³
378 2673 475 2705 Haec
502 2673 551 2705 rel
576 2672 710 2704 similia
735 2673 931 2715 supplenda
960 2684 1028 2705 esse
1046 2677 1074 2705 et
1095 2684 1148 2705 res
1176 2675 1252 2715 ipsa
1280 2677 1308 2705 et
1332 2674 1479 2716 epistula
1500 2673 1543 2705 ab
1563 2673 1724 2716 Adolpho
1743 2673 1789 2705 ad
1808 2673 1987 2705 Vertillum

224 2728 330 2759 missa
359 2726 488 2768 (supra
512 2738 548 2768 p.
578 2726 666 2765 674)
694 2726 851 2758 ostendit.

345 2869 527 2903 ¹Petrum
555 2870 597 2903 (lc
624 2869 707 2903 Soto
743 2872 827 2902 tunc
863 2881 992 2903 munus
1025 2869 1111 2903 illud
1149 2870 1420 2903 administrasse
1456 2882 1500 2903 ex
1535 2870 1623 2914 ipsis
1658 2869 1748 2903 actis
1784 2868 1983 2902 dusseldor-

224 2922 407 2965 piensibus
433 2934 542 2967 supra
568 2922 775 2956 memoratis
802 2922 1034 2966 intellegitur.

341 2976 353 2995 ‘²
385 2976 499 3009 Pron-12>-
525 2975 740 3019 historiques
769 2975 920 3009 XXXIII
952 2975 1158 3019 (Bruxelles
1186 2975 1304 3018 1884),
1332 2975 1410 3009 631.

344 3030 355 3047 ³
383 3029 571 3062 Annalium
600 3029 943 3062 l'aderborneusimu
972 3040 1054 3073 pars
1081 3029 1131 3062 III
1162 3028 1425 3072 (paderbornae
1454 3028 1573 3071 1741),
1599 3040 1632 3073 p.
1659 3027 1737 3062 280.

343 3083 353 3099 ⁴
382 3082 434 3114 (ff.
455 3082 561 3114 otiam
581 3083 697 3115 Konr.
718 3083 795 3116 ΑΗ).
812 3083 896 3124 Ley,
915 3081 980 3115 Die
1001 3081 1193 3116 Kulnische
1212 3082 1578 3124 Kirchengeschichte
1599 3080 1706 3125 (Koln
1724 3079 1828 3122 1883)
1849 3091 1881 3124 p.
1901 3079 1979 3114 478.

343 3134 354 3150 ³·
390 3133 463 3166 l‘Iae
499 3134 638 3168 litterae
674 3134 773 3168 initio
807 3135 940 3169 saeculi
977 3135 1107 3169 XVIII.
1153 3135 1256 3169 datae
1292 3146 1371 3168 esse
1406 3135 1592 3174 videntum
1638 3132 1807 3176 vulgatae
1842 3135 1926 3166 sunt
1960 3145 1981 3166 a

224 3186 361 3217 [tiam-0
387 3185 408 3218 l.
436 3198 464 3219 c.
495 3186 517 3226 l,
545 3188 740 3221 649—651.
