2113 3430
873 193 905 226 9.
931 193 1012 226 Iulii
1042 195 1142 229 1556.
1803 205 1888 246 643

128 302 232 341 ante
264 299 515 343 Cracoviam
549 318 810 359 receperam,
845 309 894 349 ut
926 308 1004 350 deo
1037 311 1224 364 mihique
1259 313 1451 356 viverem
1468 317 1496 358 1.
1560 317 1744 371 Jamque
1776 319 1890 362 inter

127 363 290 405 amicos
322 368 365 407 et
397 365 530 408 libros
562 369 759 412 svaviter
789 371 1063 424 acquiescere
1097 389 1336 429 coeperam,
1372 393 1466 422 cum
1490 381 1600 423 hanc
1622 382 1725 424 mihi
1751 384 1889 426 felici-

126 431 264 470 tatem
296 430 439 472 nescio
473 446 583 484 qvae
616 434 814 477 Nemesis
845 435 1012 480 invidit.
1077 439 1218 488 Qvare
1250 444 1475 486 motoriam
1516 460 1664 488 rursus
1696 448 1885 491 fabulam

126 507 211 545 ago
227 493 255 535 2.
319 494 425 536 Heri
457 495 539 538 huc
572 499 728 540 adveni
759 501 928 552 magnis
960 501 1206 546 itineribus:
1246 507 1386 549 Hodie
1418 510 1533 562 regis
1566 511 1649 553 mei
1681 514 1885 556 mandata

127 558 321 611 exposui.
385 560 476 609 Qvo
510 576 639 605 onere
671 565 863 615 levatus,
908 567 1119 609 calamum
1162 571 1310 613 statim
1351 573 1393 614 in
1425 589 1578 617 manus
1610 578 1794 631 sumpsi,
1839 583 1885 621 ut

127 622 205 664 tibi
238 623 294 664 ad
324 626 424 666 tuas
455 626 552 668 illas
589 628 740 670 literas
778 631 1105 684 responderem,
1146 637 1276 688 teque
1316 637 1496 680 laetiore
1537 641 1714 691 nuncio,
1759 657 1885 695 quam

127 687 210 729 huc
241 702 379 742 nuper
410 690 536 733 istinc
569 694 763 746 perlatus
796 697 903 745 erat,
937 696 989 737 de
1021 711 1089 738 me
1121 698 1214 752 ipso
1238 701 1538 746 exhilararem.
1591 705 1811 749 Laborare
1842 711 1886 750 te

126 751 224 794 istic
266 753 307 794 in
350 754 477 797 vinea
515 758 672 800 Christi
711 760 900 812 gaudeo:
944 761 1119 804 Vtinam
1163 765 1333 817 qvidem
1377 782 1473 809 cum
1513 769 1680 812 fructu:
1725 772 1884 813 Verum

125 817 328 859 svaviore
361 822 526 869 tamen,
570 837 699 876 qvam
738 838 865 877 qvem
897 825 1036 868 adhuc
1070 827 1344 883 decerpsisti:
1389 832 1431 874 Si
1463 834 1589 876 modo
1622 849 1772 877 verum
1805 841 1885 880 est.

125 885 170 924 te
210 896 355 936 pugno
397 899 422 926 a
461 887 603 929 nescio
646 902 728 940 qvo
770 892 995 932 contusum
1038 905 1133 934 esse
1149 894 1176 936 3.
1241 895 1362 944 Qvod
1403 899 1549 940 tamen
1591 899 1626 941 si
1668 904 1758 951 est,
1801 916 1885 943 11011

126 947 273 989 dubito
296 950 340 990 te
362 951 564 1003 gaudere,
599 953 670 1006 qvi
703 968 796 1007 pro
830 954 1039 998 Christi
1071 959 1285 1001 nomine
1319 961 1517 1015 dignus
1549 964 1776 1008 habitus
1808 966 1886 1008 sis

125 1014 519 1057 contumeliam
558 1017 720 1070 pati4.
785 1019 905 1068 Qvod
938 1020 1055 1062 doles
1089 1022 1141 1064 de
1173 1026 1440 1068 nostratibus
1477 1028 1771 1072 hominibus5:
1815 1031 1885 1073 In-

125 1076 301 1119 saniunt
332 1078 394 1120 illi
427 1080 610 1133 qvidem,
645 1083 719 1124 sed
752 1098 836 1125 non
869 1099 1037 1128 omnes:
1083 1088 1148 1129 Ac
1179 1103 1232 1130 ne
1265 1092 1355 1132 tam
1387 1095 1590 1145 proterve
1623 1095 1808 1147 qvidem.
1842 1097 1884 1137 ni

126 1141 268 1192 fallor,
303 1146 347 1185 et
379 1145 598 1197 effrenate,
634 1162 761 1201 qvam
795 1153 1039 1203 coeperant.
1094 1152 1303 1196 Cohibent
1336 1170 1409 1197 eos
1441 1157 1709 1211 aliqvantum
1743 1160 1881 1202 edicta

128 1206 263 1259 regia,
296 1209 431 1250 multo
464 1225 586 1260 nunc,
622 1227 749 1266 qvam
782 1217 884 1256 ante
916 1216 1147 1260 severiora.
1203 1218 1315 1261 Sane
1346 1220 1382 1261 is
1415 1236 1525 1263 nunc
1557 1223 1760 1266 mirificus
1791 1239 1884 1267 esse

128 1270 313 1321 videtur,
347 1276 391 1315 et
422 1288 522 1317 acer
552 1281 849 1331 propugnator
870 1281 1031 1322 veteris
1064 1284 1107 1324 et
1137 1283 1405 1327 orthodoxae
1427 1287 1660 1340 religionis,
1696 1291 1884 1332 offensus

128 1335 407 1390 improbitate
430 1344 685 1384 novatorum
703 1344 730 1385 6.
784 1345 900 1386 Deus
933 1346 1055 1387 nobis
1078 1348 1265 1390 orandus
1289 1353 1369 1393 est,
1402 1354 1449 1393 ut
1482 1365 1576 1393 eum
1605 1354 1727 1395 nobis
1750 1356 1882 1397 talem

130 1400 200 1442 diu
246 1408 486 1447 conservet.
551 1406 671 1456 Qvod
712 1423 779 1450 me
824 1410 878 1450 ad
921 1410 1198 1465 scriptionem
1242 1414 1619 1471 defensionemque
1663 1419 1882 1473 religionis

129 1465 338 1516 hortaris,
374 1469 478 1511 etsi
511 1485 595 1512 non
628 1477 869 1516 currentem
901 1473 974 1516 tub
1006 1476 1198 1529 qvidem,
1242 1493 1414 1522 currere
1445 1484 1591 1524 tamen
1624 1484 1882 1537 gestientem

128 1529 304 1574 incitas:
349 1534 432 1575 Sed
465 1536 565 1588 qvid
606 1538 784 1588 faciam,
828 1539 861 1580 si
903 1540 1006 1583 fatis
1047 1542 1132 1584 alio
1173 1544 1391 1598 abripior?
1443 1547 1537 1589 Mos
1569 1550 1785 1601 gerendus
1817 1554 1885 1593 est

128 1595 322 1650 principi,
358 1602 402 1640 et
434 1600 604 1652 qvidem
627 1603 718 1644 sine
751 1604 839 1645 ulla
860 1604 1014 1647 iniuria
1036 1607 1269 1661 religionis,
1303 1612 1351 1651 ut
1382 1625 1434 1652 ne
1458 1612 1595 1654 dicam
1619 1628 1714 1655 cum
1738 1615 1883 1668 aliqva.

126 1660 260 1702 etiam
293 1662 495 1707 utilitate.
550 1666 657 1715 Qvid
690 1668 814 1718 enim,
849 1669 885 1710 si
916 1672 1086 1712 tantum
1110 1686 1265 1726 operae
1299 1675 1429 1729 precij
1463 1677 1512 1719 fit
1544 1682 1589 1719 af
1612 1679 1746 1729 nobis,
1782 1680 1881 1721 dum

127 1739 274 1767 sumus
297 1728 351 1769 ad
374 1743 500 1772 aures
521 1731 736 1786 principis,
771 1737 846 1776 aut
875 1749 1021 1777 eorum
1045 1740 1174 1787 certe,
1210 1739 1363 1791 qvibus
1384 1741 1584 1796 princeps
1606 1758 1682 1797 pro
1707 1744 1881 1786 auribus

127 1793 171 1832 et
204 1792 337 1834 oculis
370 1794 526 1845 utitur,
568 1800 773 1849 qvantum
807 1799 843 1840 si
875 1800 1067 1852 ingentia
1100 1804 1464 1847 conscriberemus
1496 1808 1736 1858 volumina,
1772 1824 1881 1863 qvae

126 1855 168 1895 111
201 1858 327 1899 tanta
359 1859 563 1902 librorum
597 1863 733 1904 omnis
764 1865 935 1916 generis
968 1867 1110 1920 copia,
1153 1871 1363 1922 tantaque
1404 1871 1623 1914 hominum
1655 1874 1881 1928 impiorum

123 1923 377 1973 arrogantia
406 1924 493 1973 vix,
528 1940 578 1967 ac
607 1941 659 1968 ne
682 1928 756 1969 vix
779 1929 949 1981 qvidem
972 1931 1170 1974 fortassis
1193 1934 1415 1987 leguntur!
1461 1937 1560 1978 Non
1584 1938 1712 1979 debes
1735 1942 1880 1981 autem

122 1985 394 2038 existimare,
438 1990 493 2030 mi
527 1991 688 2042 Canisi,
732 1993 892 2046 aliqvid
934 1997 1210 2040 emolumenti
1248 2000 1317 2040 vel
1349 2000 1522 2042 honoris
1555 2017 1623 2044 me
1656 2005 1805 2046 venari
1838 2005 1879 2045 111

122 2051 222 2092 aula
254 2052 386 2105 regia.
440 2054 644 2098 Libenter
666 2058 891 2111 acqviesco
924 2060 966 2101 in
999 2061 1078 2103 hac
1102 2077 1197 2105 mea
1227 2064 1470 2107 conditione
1503 2070 1546 2109 et
1578 2068 1763 2110 fortunis
1795 2084 1879 2111 11011

122 2116 292 2158 0111111110
326 2121 661 2163 contemnendis.
1150 2128 1417 2171 Varmiensis
1451 2131 1638 2186 episcopi
1670 2133 1878 2188 scriptum

119 2180 211 2222 iure
245 2182 406 2235 optimo
439 2184 641 2227 laudatur
673 2202 697 2228 a
731 2188 867 2230 doctis
900 2193 943 2232 et
975 2191 1055 2245 pijs
1088 2192 1205 2235 viris.
1260 2194 1317 2236 Et
1349 2195 1470 2237 brevi
1502 2195 1544 2238 id
1577 2198 1715 2239 denuo
1749 2195 1879 2241 excu->

120 2245 266 2296 detur,
301 2262 448 2301 spero,
483 2250 620 2292 altero
653 2254 775 2294 tanto
809 2257 982 2296 auctum
999 2257 1026 2298 7.
1092 2257 1272 2312 Scripsit
1304 2259 1415 2301 idem
1449 2260 1625 2303 hortatu
1659 2276 1752 2304 meo
1787 2263 1878 2305 dia-

237 2398 249 2412 3
274 2394 390 2437 Super
415 2406 548 2427 rer-snm
575 2399 742 2440 scriptum
900 2399 914 2419 ¹³
938 2404 1054 2445 Super
1082 2415 1214 2436 versum
1241 2408 1422 2448 seriptum.

236 2451 247 2464 ⁰
274 2447 389 2489 Super
416 2459 548 2480 versum
574 2451 753 2493 scriptume.

241 2580 249 2599 ¹
278 2579 369 2612 Aula
386 2580 485 2622 regia
504 2583 588 2614 tunc
603 2580 730 2616 VIInae
749 2586 836 2625 crat,
856 2586 948 2628 quod
963 2586 1175 2620 Lithuaniae
1194 2591 1302 2632 caput
1316 2591 1371 2623 est
1388 2590 1508 2632 (Hosii
1526 2591 1708 2635 Epis-tolno
1727 2594 1766 2633 ΙΙ,
1779 2595 1874 2638 688).

236 2632 250 2652 ²
275 2632 485 2666 Comoediae
517 2635 724 2674 „Statariam
750 2639 890 2671 veteres
916 2642 1096 2683 opponunt
1129 2641 1367 2681 „nmtmffamffi
1395 2654 1485 2686 quae
1504 2645 1659 2679 motibus
1677 2647 1875 2681 ,01νο111100-

116 2684 212 2717 tibus
238 2684 395 2718 abundat
422 2688 458 2719 et
483 2686 715 2721 tumultuarie
742 2689 870 2732 agitur.

236 2738 248 2757 ³
274 2737 401 2772 Falsus
427 2738 484 2772 hic
511 2751 628 2773 rumor
655 2741 766 2775 fuisse
794 2743 934 2776 videtur
960 2756 1001 2777 ac
1028 2748 1133 2778 natus
1160 2746 1312 2779 fortasse
1340 2760 1383 2781 cx
1408 2761 1456 2783 00.
1485 2750 1577 2793 quod
1608 2751 1660 2785 14.
1679 2751 1765 2785 Maii
1786 2753 1875 2787 1556

116 2790 255 2834 Pragae
282 2791 325 2824 ad
353 2791 390 2825 P.
420 2792 621 2826 Cornelium
650 2794 948 2837 Brogelmannum
975 2797 1009 2830 in
1036 2798 1185 2832 ccclesia
1213 2800 1354 2842 collegii
1381 2813 1520 2835 sacrum
1549 2803 1739 2838 facientem
1764 2805 1875 2839 130110-

115 2855 193 2877 mus
229 2844 370 2887 quidam
398 2845 551 2879 accessit
577 2857 617 2879 ac
644 2847 831 2881 minaciter
857 2861 1014 2892 pugnum
1050 2851 1215 2887 sustulit:
1252 2855 1390 2887 mature
1421 2857 1539 2889 tamen
1576 2857 1774 2900 prohibitus
1810 2862 1874 2896 est.

114 2908 157 2930 ne
183 2898 403 2931 sacerdotem
430 2900 642 2942 percuteret.
680 2900 844 2934 Canisius
871 2902 904 2934 in
932 2903 1055 2936 eadem
1082 2905 1229 2938 ecclesia
1263 2906 1315 2940 10.
1335 2906 1419 2940 Maii
1446 2907 1563 2952 lapide
1590 2921 1653 2954 per
1679 2912 1873 2945 fenestram

115 2949 206 2983 iacto
232 2951 366 2994 petitus
393 2954 479 2984 erat.
533 2951 620 2985 Vide
647 2964 755 2997 supra
781 2966 812 2998 p.
841 2955 1038 2990 618—619.

232 3005 244 3023 ⁴
271 3004 351 3038 Act.
379 3005 410 3042 5,
436 3005 492 3038 41.
637 3005 649 3024 ⁵
676 3007 728 3040 Of.
756 3018 863 3051 supra
891 3020 923 3051 p.
950 3009 1028 3042 5315.

233 3057 246 3075 ⁶
272 3057 441 3091 Promisit
476 3057 616 3101 quidem
653 3070 715 3091 rex
755 3059 813 3092 ille
849 3060 941 3094 haud
977 3072 1089 3106 pauca
1125 3063 1301 3108 episcopis
1336 3065 1561 3111 minatusqne
1596 3071 1650 3103 est
1684 3070 1874 3105 haereticis

116 3120 246 3152 poenas
272 3121 420 3153 graves:
448 3111 509 3144 sed
536 3111 571 3144 in
598 3112 826 3146 exsecutione
853 3125 998 3157 segnem
1025 3128 1062 3149 se
1090 3116 1279 3160 praestitit.

234 3163 246 3182 ⁷
274 3163 430 3197 Priorem
449 3166 586 3208 partem
611 3165 882 3205 „confessionis-⁸
907 3167 992 3201 dicit
1013 3168 1072 3204 (cf.
1092 3181 1199 3214 supra
1217 3182 1248 3214 p.
1269 3170 1335 3204 537
1349 3171 1398 3213 2);
1426 3172 1548 3207 eadem
1568 3186 1651 3219 pars
1670 3188 1760 3209 anno
1782 3177 1870 3211 15:37

1518 3236 1595 3267 41*
