2113 3430
203 207 286 247 133
780 201 835 236 20.
872 200 1037 236 Canisins
1062 201 1102 235 B.
1129 200 1238 236 Petro
1262 201 1389 236 Fabro.

322 322 488 354 canisius
522 320 730 353 Dis-tmuium
768 323 797 352 et
833 319 1031 352 Loram‘um
1063 318 1248 361 profectus
1282 318 1330 350 ad
1363 320 1483 361 stipem
1515 319 1645 353 Esche'o
1675 325 1704 353 et
1731 320 1770 354 P.
1802 320 1964 354 Cornelio

199 374 391 406 Vsslmcaeo
417 374 649 416 afferemlmn.
685 372 853 405 Esrhimn
874 372 1043 405 Societate·
1069 371 1234 403 conciliat
1259 375 1289 403 et
1315 381 1352 403 eo
1378 371 1569 405 adiuvante
1588 373 1743 406 Lovam'c'
1768 384 1845 406 cum
1873 374 1905 406 T
1903 385 1965 417 al)-

195 438 282 470 pero
320 431 354 472 e(
392 427 476 459 aliis
511 427 552 458 «le
587 427 834 459 constitutione
868 425 1006 466 colleyiae'
1041 425 1124 466 ayt't.
1177 423 1368 467 Statuitur,
1409 424 1553 459 Canisz’o
1591 425 1737 459 Colonia
1764 427 1965 460 Loraninm

198 480 528 521 transmiurandum
557 490 634 512 esse.
676 479 729 512 De
758 478 921 511 Cornelio
943 477 1146 519 Visharaeo,
1174 477 1341 510 Adriano
1368 478 1538 519 Adriani,
1565 479 1669 512 Petro
1695 479 1964 523 Kaunqqfesse223

199 533 283 565 aliis
310 533 478 565 Societati
504 532 683 565 adiunctis
711 532 759 563 rel
785 530 1032 572 mlinnssende's.
1068 530 1122 562 De
1145 530 1332 563 Sociorum
1358 530 1607 564 coloniensium
1636 543 1724 565 nova
1749 533 1966 566 habitatione

198 590 227 617 et
253 586 294 617 dc·
321 587 408 618 rictu
433 587 477 618 iis
493 586 670 628 parando.
709 584 895 618 Cornelius
913 583 1128 616 I'isharaens
1155 584 1192 615 in
1218 584 1402 616 daemones·
1421 588 1556 626 potens.
1596 585 1775 626 Quantum
1796 586 1964 620 Coloniae

200 638 295 672 Socii
320 640 520 680 confirmati
544 640 615 671 sint
643 639 839 671 visitatione
857 637 896 670 P.
921 636 1126 669 Bol)(:(le'llae
1151 641 1181 669 et
1200 636 1331 669 Nuntia?
1353 637 1498 670 Veralli.
1537 638 1703 672 Cam'szssus
1729 640 1768 672 in
1790 639 1964 682 Capitolio

192 693 438 734 prosperrime
473 693 711 724 rontiomaetm:
767 691 956 733 optimates
989 700 1163 722 stammam
1199 700 1340 732 operam
1377 691 1465 722 (lant
1500 691 1531 723 ei
1569 690 1734 725 Coloniae
1770 694 1963 726 retinendo.

198 745 276 788 Ipse
310 749 400 778 totns
432 755 474 777 ex
502 746 720 787 praepositis
752 744 890 787 pendet.
943 743 1152 775 Euo-(trdus
1187 743 1445 784 Questenbnrch
1482 755 1588 787 quam
1623 745 1712 777 (lure
1746 756 1768 777 (ι
1795 746 1966 779 Societate

197 798 289 841 prol!
297 799 445 831 ilwatur.

1012 849 1157 891 ihesus

554 926 807 969 Reverende
841 925 1010 968 domine
1044 928 1087 968 et
1118 928 1245 980 pater
1277 925 1319 967 in
1350 926 1610 969 CHRISTO.

318 1010 467 1052 Gratia
510 1009 679 1052 Domini
722 1008 871 1051 Nostri
913 1008 1173 1051 Jesucln‘isti
1215 1008 1272 1051 sit
1314 1023 1485 1064 semper
1526 1024 1620 1051 cum
1662 1010 1966 1053 Dominatione

198 1077 361 1117 vestra.
868 1128 870 1131 .

317 1150 508 1193 Scribam
542 1151 594 1192 de
619 1149 887 1204 profectione
919 1163 1016 1191 mea
1039 1164 1181 1202 quam,
1216 1149 1430 1204 dirigente
1452 1150 1649 1202 Domino,
1678 1151 1768 1205 jam
1801 1152 1966 1194 confeci

194 1230 271 1270 per
294 1215 588 1257 Brabantiam.
635 1214 922 1257 Profectionis
954 1214 1061 1256 haec
1094 1214 1175 1257 fuit
1210 1229 1353 1257 causa.
1400 1215 1684 1258 Reverendus
1714 1216 1787 1258 ille
1819 1220 1967 1259 noster

197 1280 383 1331 amicus,
417 1280 502 1322 imo
535 1280 689 1330 Pater,
724 1279 849 1322 Prior
881 1279 1136 1322 Carthusiae
1169 1279 1447 1331 Coloniensis,
1481 1282 1529 1322 ut
1562 1284 1630 1323 est
1660 1280 1703 1322 in
1736 1283 1965 1335 erogandis

196 1345 482 1399 eleemosynis
524 1345 826 1396 effusissimus,
878 1345 1178 1387 destinaverat
1210 1345 1384 1388 mittere
1416 1346 1472 1387 M.
1507 1345 1688 1388 Nicolao
1722 1346 1966 1390 Diestensi1

196 1412 281 1453 500
323 1424 477 1452 aureos
519 1411 672 1464 quibus
714 1410 963 1452 monialium
1003 1410 1139 1464 ipsius
1179 1410 1361 1464 penuria
1402 1411 1717 1454 sublevaretur.
1787 1412 1966 1466 Iamque

195 1475 421 1529 benignius
455 1476 506 1517 de
538 1490 607 1517 me
639 1475 858 1518 sentiebat
889 1475 947 1517 M.
981 1475 1211 1525 Nicolaus,
1256 1476 1366 1517 clam
1400 1489 1568 1529 quoque
1610 1476 1886 1519 subindicans
1918 1480 1966 1520 ut

195 1540 250 1582 ad
294 1554 341 1582 se
385 1541 577 1582 venirem
591 1542 619 1583 2.
690 1541 754 1582 Eo
799 1540 970 1582 facilius
1013 1540 1138 1582 Prior
1182 1540 1371 1582 animum
1415 1555 1558 1583 meum
1603 1542 1875 1584 confirmavit
1917 1545 1966 1584 111

196 1608 280 1647 500
314 1620 469 1648 aureos
502 1606 715 1648 allaturus
748 1606 802 1647 ad
834 1605 890 1647 M.
925 1605 1155 1647 Nicolaum
1187 1619 1481 1660 properarem.
1528 1606 1663 1656 Quam
1698 1620 1778 1660 ego
1811 1611 1966 1650 nactus

197 1670 468 1712 occasionem
511 1671 715 1713 fidentius
759 1671 873 1725 apud
916 1670 1111 1712 Priorem
1154 1670 1380 1712 intercessi
1424 1685 1501 1725 pro
1545 1672 1782 1714 venerabili
1827 1672 1965 1715 fratre

195 1735 379 1777 Domino
412 1736 626 1786 Cornelio,
662 1750 787 1790 quem
819 1739 867 1778 tu
900 1749 1071 1790 semper
1104 1735 1400 1789 dignissimum
1429 1736 1656 1790 judicasti,
1690 1739 1738 1779 ut
1770 1737 1842 1791 qui
1873 1740 1964 1780 tam

195 1800 383 1854 indignis
416 1801 658 1843 debitorum
693 1801 874 1842 vinculis
907 1803 1155 1855 exemptus,
1190 1801 1506 1855 quamprimum
1539 1802 1594 1844 ad
1629 1802 1773 1844 studia
1804 1802 1965 1846 rediret

194 1865 343 1908 liber3.
409 1865 529 1915 Quod
562 1867 616 1908 ad
648 1880 716 1908 me
758 1865 939 1917 attinet,
981 1866 1063 1908 hac
1105 1866 1157 1908 de
1199 1880 1330 1908 causa
1371 1866 1641 1920 potissimum
1672 1866 1757 1909 iter
1788 1868 1868 1909 hoc
1899 1867 1964 1909 in-

195 1931 316 1983 gredi
339 1931 468 1981 1101111,
503 1931 693 1985 acceptis
722 1945 747 1973 a
769 1931 918 1973 Priore
952 1933 1125 1972 centum
1158 1932 1297 1973 adhuc
1329 1931 1472 1973 aureis
1503 1931 1547 1973 in
1579 1931 1768 1985 gratiam
1790 1932 1841 1975 D.
1862 1932 1964 1974 Cor-

196 1995 318 2047 nelii,
362 1996 428 2037 cui
470 1999 642 2039 tantum
682 2010 762 2050 ego
796 1996 933 2050 adjeci
964 1996 1203 2050 pecuniae4
1235 1999 1445 2050 quantum
1477 1997 1776 2051 persolvendis
1809 1997 1964 2040 debitis

196 2061 391 2102 omnibus
423 2064 493 2104 sat
525 2064 641 2112 erat,
684 2076 737 2103 ne
779 2061 943 2103 scilicet
983 2061 1213 2115 prudentia
1245 2065 1322 2104 tua
1353 2076 1430 2103 suo
1464 2061 1674 2103 desiderio
1708 2064 1753 2104 01
1785 2076 1964 2117 exspec-

199 2125 362 2168 tatione
395 2126 554 2168 diutius
587 2127 879 2169 fraudaretur.
928 2126 1190 2169 Benedictus
1221 2127 1339 2168 Deus
1372 2126 1443 2180 qui
1475 2127 1532 2169 M.
1566 2127 1794 2169 Nicolaum
1826 2127 1964 2184 modis

198 2190 393 2232 omnibus
431 2191 670 2241 affabilem,
713 2191 969 2244 benignum,
1013 2193 1057 2233 et
1098 2191 1314 2245 placidum
1354 2192 1547 2234 restituit
1587 2191 1712 2243 mihi,
1756 2192 1855 2234 dum
1886 2206 1965 2246 per

197 2255 341 2298 onmia
372 2270 440 2298 me
473 2256 684 2298 submisse
718 2270 863 2298 coram
894 2256 967 2297 illo
989 2270 1200 2309 gererem,
1235 2270 1415 2310 sperans
1446 2256 1690 2299 humilitate
1723 2257 1964 2310 expugnari

196 2334 323 2374 posse
356 2322 468 2374 quod
501 2321 543 2362 vi
575 2321 791 2364 rationum
823 2321 1034 2363 hactenus
1067 2321 1120 2362 ab
1153 2335 1202 2362 eo
1235 2321 1461 2375 impetrari
1493 2335 1577 2363 11011
1608 2321 1750 2375 potuit
1762 2323 1790 2364 5.
1855 2322 1963 2371 Quin

198 2400 331 2438 usque
364 2386 471 2428 adeo
504 2387 761 2428 benevolum
794 2386 915 2428 illum
947 2385 1051 2427 1111111
1082 2385 1270 2436 reddidi,
1313 2389 1361 2428 ut
1392 2388 1566 2440 postero
1599 2386 1748 2428 statim
1782 2385 1849 2428 die
1881 2387 1963 2428 Lo-

197 2450 371 2492 vanium
416 2451 514 2493 ierit
554 2465 744 2502 mecum,
786 2451 891 2492 nihil
923 2454 1071 2493 tamen
1103 2450 1351 2504 intelligens
1385 2451 1436 2492 de
1469 2450 1650 2505 pecunia
1683 2452 1732 2493 D.
1768 2451 1963 2493 Cornelio

196 2529 274 2568 per
304 2530 373 2557 me
405 2516 683 2558 numeranda.
749 2516 831 2559 Sed
864 2516 985 2568 vide,
1020 2516 1219 2566 obsecro,
1255 2529 1383 2569 quam
1415 2516 1488 2557 ille
1522 2518 1639 2558 totus
1672 2530 1784 2558 nunc
1816 2520 1964 2558 noster

318 2659 326 2678 ¹
354 2657 519 2692 Canis-ius
545 2658 759 2701 magistrum
788 2670 893 2693 51111111
921 2658 1108 2693 Nicolaum
1128 2658 1297 2693 Eschium
1325 2659 1423 2700 dicit,
1450 2659 1510 2703 qui
1539 2662 1625 2693 tunc
1645 2659 1809 2693 Distemii
1831 2658 1960 2703 (Diest,

198 2710 231 2743 111
260 2710 402 2754 belgio)
431 2711 661 2755 beginagium
689 2712 848 2754 regebat.

317 2765 329 2783 ‘-'
357 2764 523 2798 Fortasse
542 2764 694 2799 Eschius
720 2765 824 2805 idem,
852 2765 945 2809 quod
972 2764 1031 2799 alii
1052 2776 1192 2809 quoque
1211 2765 1279 2799 viri
1298 2765 1449 2810 piissimi
1470 2766 1546 2799 eius
1564 2765 1746 2810 temporis,
1772 2765 1960 2799 timuerat:

196 2827 240 2849 ne
276 2828 367 2850 nova
404 2817 465 2851 illa
502 2817 680 2859 Societas,
718 2818 775 2852 cui
811 2817 977 2852 Canisius
1012 2830 1050 2852 se
1086 2818 1294 2859 addixerat,
1330 2818 1395 2852 sub
1431 2818 1550 2863 specie
1582 2818 1780 2853 catholicae
1814 2817 1961 2862 pietatis

198 2868 408 2903 catholicam
436 2870 542 2904 fidem
569 2871 660 2905 013111
688 2872 927 2916 impugnaret.

318 2922 330 2941 ³
359 2923 394 2955 P.
424 2923 624 2957 Cornelium
653 2924 916 2965 Vishavaeum,
949 2923 1138 2958 Societatis
1166 2924 1367 2966 novicium,
1399 2924 1504 2965 dicit3
1537 2924 1580 2958 cf.
1613 2935 1721 2968 supra
1748 2935 1780 2967 p.
1809 2923 1959 2957 95—97.

199 2975 417 3008 Mamm-ens.-
455 2975 641 3020 [Societas]
683 2977 810 3018 „aedes
836 2977 998 3022 proprias
1025 2976 1174 3010 Lovanii
1201 2989 1293 3011 anno
1323 2978 1413 3011 1544
1438 2977 1556 3011 nullas
1582 2976 1756 3016 habebat,
1793 3003 1800 3009 .
1829 3003 1835 3009 .
1865 3003 1870 3009 .
1898 2975 1958 3009 sed

198 3027 300 3072 pauci
329 3028 505 3071 degebant
532 3029 565 3062 in
594 3030 752 3063 ciusdem
779 3030 817 3064 P.
846 3030 1000 3065 Cornelii
1027 3030 1129 3064 domo
1156 3042 1260 3065 secus
1287 3031 1532 3064 coemiterium
1558 3030 1598 3064 D.
1626 3028 1825 3070 Michaelis,
1853 3040 1959 3072 quain

198 3081 452 3114 conductitiam
480 3081 676 3116 habebant*
711 3083 749 3126 (l.
777 3096 805 3117 (·.
834 3095 866 3128 p.
897 3084 967 3119 113).

318 3136 329 3153 ⁴
360 3134 410 3167 Ex
438 3134 636 3168 hereditate
663 3139 831 3179 paternam
859 3136 903 3169 cf.
931 3148 1040 3181 supra
1067 3148 1099 3180 p.
1126 3137 1171 3170 45
1185 3137 1207 3170 Τ.

319 3187 331 3206 ⁵
360 3186 405 3220 [t
432 3187 597 3231 probaret
625 3187 816 3222 societatis
843 3189 1046 3223 institutum
1066 3189 1271 3233 Canisiique
1298 3188 1483 3223 consilium
1511 3189 1545 3222 in
1573 3198 1614 3221 ea
1638 3198 1779 3231 semper
1803 3186 1958 3220 vivendi.
