2113 3430
866 188 897 222 6.
925 187 1015 221 Iunii
1044 187 1144 221 1546.
1804 184 1884 224 195

248 308 288 341 [n
314 307 389 341 cod.
416 306 528 340 colon.
560 304 663 345 „Litt
691 303 821 348 Epistt.
849 303 944 336 var.“
977 302 1000 336 f.
1026 303 1068 336 14
1094 313 1163 335 non
1190 302 1281 345 sign.
1309 299 1553 345 apographum
1580 298 1684 331 huius
1711 296 1886 342 epistulae

129 362 260 401 exstat,
286 360 379 404 quod
405 359 460 393 23.
486 357 642 401 Augusti
671 356 759 390 1657
787 356 821 389 in
849 355 999 399 collegio
1025 354 1218 390 coloniensi
1244 354 1420 398 scriptum
1446 354 1520 386 est:
1547 351 1648 396 plura
1672 351 1714 384 de
1733 362 1773 383 eo
1791 349 1886 383 infra

130 415 302 499 dlcenssffl'·
314 476 420 510 opere
451 463 597 500 ,Cartas
623 463 665 496 de
693 462 763 496 San
789 461 933 505 lgnacio
961 461 1002 495 de
1029 460 1181 505 Loyola⁴²
1213 458 1369 502 (Madrid
1398 455 1644 497 1874—1889)
1675 456 1785 489 deest.

250 517 413 563 Epistula
439 528 526 550 usus
553 519 607 549 est
634 517 777 549 Hansen
806 515 829 549 l.
857 527 885 548 c.
913 526 945 559 p.
972 514 1052 548 200.

250 600 452 633 Facultates
475 609 598 631 sacras
624 603 726 630 antea
754 608 930 629 concessas
955 600 1102 628 revocat.
1157 596 1232 636 Qua
1261 596 1399 626 ratione
1424 593 1524 625 modo
1551 603 1626 624 rum
1656 594 1769 625 Sociis
1799 592 1889 623 colo-

132 654 312 687 niensibus
343 653 531 695 facultates
565 652 647 684 illas
681 652 940 683 communicare
973 649 1068 691 velit,
1105 659 1193 691 quas
1228 648 1364 680 Paulus
1390 646 1459 679 III.
1495 646 1661 678 S'oce'etatr’
1694 645 1891 677 tribuerat:

133 708 259 751 ubique
285 707 391 739 libere
416 705 648 738 contionandi
673 709 702 736 et
727 707 951 736 sacramenta
978 701 1261 734 administrandi
1286 705 1344 733 etc.
1365 700 1372 719 ¹

997 796 1023 846 †

945 877 1072 918 Jesus

252 956 403 999 Gratia.
436 954 594 997 domini
625 953 762 995 nostri
792 952 920 994 Ihesu
952 950 1109 993 Christi
1150 951 1206 993 sit
1239 963 1409 1004 semper
1440 948 1674 991 nobiscum.
1738 948 1891 989 Amen.

253 1031 388 1087 [ΕΚ]ὃ
420 1030 718 1073 commissione
749 1031 899 1071 nostra
931 1027 1103 1081 scripsit
1128 1026 1250 1068 vobis
1284 1026 1335 1067 de
1367 1025 1462 1078 alijs
1495 1025 1623 1066 rebus
1654 1023 1891 1066 Ieronimus

136 1097 360 1152 [Natallis
401 1096 589 1139 noster2.
655 1093 799 1148 [Ho]c
840 1096 987 1135 tamen
1028 1089 1317 1146 p[raetere]a
1350 1089 1466 1132 volui
1498 1104 1575 1131 vos
1612 1086 1892 1142 intelligereb.

135 1163 204 1204 Is⁰
251 1163 292 1203 di
306 1160 398 1215 [eb]
412 1176 461 1203 us
509 1162 632 1202 const
644 1157 762 1213 [itui]
776 1172 844 1200 sse
891 1156 1025 1211 n[os‚
1080 1155 1148 1210 ut]
1202 1153 1373 1197 nullusd
1425 1155 1586 1196 habeat
1637 1154 1893 1196 facultatem

136 1226 354 1282 [illa]rum
396 1225 634 1279 gratiarum
677 1224 729 1265 de
771 1223 922 1276 quibus
965 1221 1219 1276 scripsistis,
1264 1220 1343 1261 nisi
1385 1234 1462 1274 per
1496 1217 1614 1273 [nos]
1648 1218 1894 1260 immediate

135 1293 352 1334 collatam.
400 1292 553 1343 ltaque
585 1289 621 1330 si
654 1289 725 1341 qui
758 1290 858 1329 sunt
891 1287 963 1340 qui
994 1287 1112 1328 illam
1134 1286 1390 1328 facultatem
1413 1284 1671 1338 acceperint.
1705 1283 1796 1324 siue
1819 1297 1895 1337 per

136 1371 226 1406 nos,
254 1356 344 1398 siue
366 1370 443 1410 per
459 1353 743 1397 ministerium
760 1352 973 1394 sociorum
995 1354 1254 1400 nostrorum,
1279 1364 1329 1392 ea
1347 1349 1628 1403 cumprimum
1649 1349 1727 1390 has
1745 1348 1894 1390 literas

136 1421 380 1476 receperint
400 1434 477 1474 pro
500 1419 632 1461 nihilo
654 1418 880 1460 habeatur.
933 1416 1286 1469 Quandoquidem
1320 1413 1487 1469 [autem
1509 1413 1573 1468 te]
1598 1414 1649 1456 D.
1673 1413 1895 1454 Leonarde

136 1487 292 1528 scimus
320 1484 472 1540 v[ota]
506 1485 665 1526 habere
698 1482 915 1525 castitatis
948 1485 992 1524 et
1023 1480 1295 1536 paupertatis
1328 1482 1372 1521 et
1403 1479 1669 1533 propositum
1702 1480 1895 1520 nostram

136 1550 403 1604 ingrediendi
434 1549 739 1597 societatem3,
782 1546 960 1601 athue]
995 1546 1151 1600 alioqui
1194 1545 1316 1587 nobis
1349 1545 1557 1598 probatus
1591 1558 1636 1585 es
1669 1543 1787 1584 illam
1818 1542 1896 1585 tibi

137 1616 390 1670 Apostolica
422 1614 657 1657 autoritate
689 1613 817 1654 viuae
848 1612 967 1654 vocis
1000 1609 1221 1666 oracul[o]
1257 1625 1282 1652 a
1315 1610 1356 1652 S.
1390 1610 1442 1652 D.
1472 1609 1527 1651 N.
1560 1609 1643 1651 PP.
1677 1609 1811 1650 Paulo
1846 1608 1897 1649 30

138 1681 259 1722 nobis
307 1680 524 1729 tradita4,
573 1678 844 1721 concedimus
892 1692 942 1719 ac
990 1677 1141 1719 damus
1188 1676 1231 1717 in
1278 1674 1474 1717 Domino.
1554 1674 1672 1724 Quod
1720 1673 1755 1714 si
1803 1673 1897 1726 quis

137 1750 365 1800 praeterea
395 1745 509 1788 inter
539 1759 617 1786 vos
649 1743 802 1793 fuerit,
838 1743 908 1796 qui
942 1742 1091 1784 eadem
1126 1739 1279 1795 [vo]ta
1311 1740 1494 1788 habeat,
1530 1742 1574 1781 et
1606 1738 1896 1793 propositum:

138 1814 182 1853 et
213 1809 339 1865 t[ibi]
373 1810 597 1852 Leonardo
631 1812 674 1852 et
705 1809 836 1851 Petro
869 1807 1038 1850 Canisio
1070 1807 1277 1861 probatus
1319 1805 1473 1853 fuerit,
1515 1804 1616 1845 mihi
1652 1802 1897 1857 [scri]betis

138 1890 215 1930 per
247 1877 409 1925 literas,
443 1889 617 1924 nomen,
651 1874 755 1922 eius,
790 1877 833 1916 et
862 1871 1151 1927 [c]ognomen
1183 1874 1231 1914 ut
1264 1870 1376 1924 quod
1409 1870 1463 1912 ad
1495 1869 1678 1922 gloriam
1709 1868 1789 1910 Dei
1822 1882 1898 1909 ex-

257 2003 270 2016 a
295 1999 538 2040 Quaecumque
556 1998 594 2029 in
618 1997 684 2029 hac
710 1998 861 2039 epistula
890 1997 988 2028 uncis
1014 1996 1203 2039 quadratis
1230 1995 1475 2036 ineludmztur,
1504 1995 1541 2026 in
1568 1993 1757 2035 archetypo
1776 1993 1900 2025 desunt

140 2056 201 2083 aur
227 2051 326 2083 raldo
353 2051 501 2083 obscura
526 2054 619 2092 sunt,
648 2050 790 2092 ideoque
815 2050 859 2082 ab
886 2050 1017 2082 editore
1041 2053 1123 2081 sunt
1147 2049 1319 2090 suppleta.

257 2102 271 2121 '¹
295 2105 339 2137 In
365 2103 570 2146 apossraplm
597 2104 787 2136 coloniensi
812 2103 910 2135 haud
937 2107 1044 2145 recte,
1083 2106 1120 2133 *ut
1145 2101 1294 2143 ridetur,
1323 2100 1518 2143 suppletum
1548 2104 1616 2131 est:
1654 2097 1752 2131 Haec
1778 2100 1899 2131 tamen

139 2156 369 2202 particularia
395 2155 492 2189 volui
518 2166 583 2189 vos
609 2154 822 2198 intelligere.
862 2156 957 2189 Nam
983 2156 1084 2187 etiam
1111 2155 1254 2187 Natalis
1280 2154 1389 2185 multa
1411 2153 1657 2196 particularia
1685 2154 1876 2195 scripserat
1890 2164 1902 2192 ,ζ

133 2215 280 2254 praeter
305 2221 394 2254 (luae
420 2210 582 2252 Iynatizcs
607 2211 680 2242 alia
709 2210 823 2242 Sociis
849 2209 1105 2242 coloniensibus
1129 2209 1299 2240 nuntiare
1324 2207 1466 2240 volebat.

257 2268 268 2282 ⁰
295 2265 356 2296 Sic
381 2263 479 2296 arole.
516 2262 762 2304 Leyendzmme
788 2260 853 2294 His
871 2264 887 2295 ,9
983 2259 997 2279 ‘¹
1020 2261 1055 2294 Is
1082 2259 1212 2293 dicitur
1238 2258 1468 2293 constituisse
1494 2270 1537 2291 ne
1564 2257 1659 2291 vllus
1686 2269 1808 2301 apofflz
1837 2259 1899 2290 eol.

262 2375 271 2393 ¹
299 2373 352 2406 Cf.
381 2373 508 2407 Cartas
535 2372 577 2406 de
605 2373 677 2406 San
707 2374 852 2415 Ιφιασίο
880 2371 922 2412 H,
950 2371 1100 2405 55—59.
1247 2370 1260 2390 2
1284 2369 1375 2402 Vide
1402 2380 1510 2413 supra
1536 2381 1567 2413 p.
1599 2368 1793 2402 les—192,

261 2427 273 2445 ³
298 2427 329 2459 A
356 2425 467 2460 Sociis
502 2425 770 2459 lovaniensibus
797 2426 833 2459 S.
862 2426 1024 2468 Iynatius
1058 2423 1243 2468 *epistula
1279 2422 1373 2456 circa
1404 2433 1534 2455 annum
1564 2422 1652 2455 1546
1688 2421 1771 2455 data
1805 2421 1901 2463 (vide

142 2490 250 2523 supra
274 2490 307 2523 p.
337 2478 418 2519 129)
447 2478 666 2523 postulavit,
704 2479 745 2511 ut
775 2477 1015 2522 „propositum
1042 2476 1263 2520 ingrediendi
1289 2476 1517 2510 societatem*
1554 2477 1656 2515 „voto
1682 2474 1901 2507 fi1·marent“.

260 2533 273 2551 ⁴
301 2533 336 2565 S.
364 2532 525 2573 [quatias-
550 2531 833 2565 Lovaniensibus
860 2531 895 2564 in
921 2530 1077 2575 epistula
1102 2530 1204 2563 modo
1230 2529 1390 2574 prolata:
1431 2528 1540 2569 „Illud
1569 2527 1710 2561 interim
1737 2527 1900 2560 monendi

143 2584 241 2623 estis,
269 2584 361 2627 quod
386 2584 494 2618 hasce
521 2596 642 2619 omnes
668 2584 816 2628 gratias,
844 2595 933 2628 quas
961 2583 1117 2617 habituri
1143 2584 1236 2623 sunt,
1264 2582 1324 2625 qui
1342 2582 1434 2615 hanc
1452 2581 1660 2624 religionem
1680 2580 1902 2624 profitentur,

143 2637 253 2671 donec
280 2636 390 2681 aliqui
415 2649 484 2670 non
511 2638 584 2671 sint
609 2637 781 2682 professi,
820 2649 887 2670 non
915 2636 1056 2682 publice
1082 2638 1234 2681 possunt
1260 2647 1363 2669 suum
1390 2635 1425 2667 in
1452 2633 1688 2678 patrocinium
1715 2633 1901 2674 adducere,

144 2690 227 2734 quia
253 2691 358 2723 vivae
384 2690 483 2723 vocis
510 2690 662 2730 oraculo,
688 2702 758 2724 non
784 2702 847 2735 per
874 2690 1067 2734 diplomata
1094 2689 1359 2723 concessionem
1386 2687 1476 2720 hanc
1503 2686 1692 2720 habuimus
1719 2698 1739 2719 a
1764 2697 1901 2720 summo

144 2743 327 2783 Pontifice,
354 2755 416 2787 pro
443 2743 486 2787 ijs
513 2743 657 2787 inquam
685 2744 744 2787 qui
771 2744 980 2777 societatem
1006 2755 1076 2776 non
1102 2742 1254 2787 professi
1281 2742 1376 2774 sunt.
1411 2739 1501 2773 Nam
1528 2739 1679 2783 professi
1707 2751 1769 2783 per
1794 2739 1902 2773 breve

144 2797 201 2829 vel
228 2796 383 2841 diploma
410 2796 550 2840 publice
577 2796 685 2830 etiam
711 2808 775 2830 sua
802 2798 971 2841 poterunt
992 2795 1184 2840 privilegia
1203 2793 1399 2833 ostendere,
1426 2792 1657 2825 nihilominus
1675 2793 1709 2825 in
1729 2793 1804 2826 foro
1823 2804 1901 2827 con-

143 2849 314 2883 scientiae
341 2849 487 2893 perinde
513 2850 569 2883 est
594 2849 701 2882 vivae
727 2849 826 2882 vocis
852 2848 995 2882 oraculo
1021 2860 1063 2881 ea
1089 2848 1296 2885 obtinuisse,
1323 2846 1367 2879 ad
1394 2846 1469 2879 eius
1488 2845 1547 2889 qui
1567 2845 1753 2889 dispensat
1770 2846 1902 2879 securi-

142 2904 265 2942 tatem,
292 2905 326 2936 et
353 2914 473 2935 eorum
500 2902 560 2945 qui
586 2901 631 2946 ijs
656 2902 824 2935 fruuntur
850 2902 1074 2935 utilitatem.“
1131 2901 1246 2934 Breve
1273 2899 1350 2932 sive
1375 2898 1516 2932 litterae
1543 2898 1832 2943 privilegiorum,
1860 2899 1902 2932 de

144 2955 271 2999 quibus
296 2955 459 2998 Ignatius
486 2955 621 2995 scribit,
648 2966 669 2988 a
695 2954 805 2988 Paulo
832 2954 894 2988 III.
922 2955 1054 2988 Romae
1081 2954 1112 2987 3.
1141 2953 1229 2986 Iunii
1261 2953 1350 2986 1545
1379 2952 1483 2985 datae
1509 2954 1603 2985 sunt.
1640 2951 1794 2985 Litteras
1822 2952 1901 2986 illas

144 3011 179 3041 et
205 3008 394 3052 privilegia
420 3008 455 3041 in
482 3008 524 3041 iis
551 3019 719 3041 concessa
746 3007 789 3040 ad
815 3006 1050 3041 scholasticos
1076 3017 1235 3049 quoquc,
1262 3006 1368 3038 immo
1395 3007 1430 3038 et
1456 3004 1500 3038 ad
1527 3004 1685 3038 novicios
1713 3004 1902 3038 societatis

145 3072 189 3094 ex
223 3061 311 3105 ipsis
350 3061 504 3105 „regulis
539 3060 645 3094 iuris“
686 3060 829 3094 extendi
865 3060 1023 3104 potuisse
1059 3071 1151 3092 nun(¹
1188 3058 1331 3102 quidem
1367 3069 1488 3091 omnes
1526 3057 1775 3092 affirmabunt:
1818 3060 1903 3091 tunc

145 3116 263 3148 autem
289 3114 323 3147 id
350 3114 504 3147 nondum
532 3114 619 3147 adeo
644 3114 874 3147 manifestum
902 3112 1013 3146 fuisse
1040 3112 1191 3151 videtur,
1218 3111 1377 3155 ideoque,
1404 3112 1444 3144 ut
1470 3110 1587 3144 omnia
1613 3110 1649 3143 in
1674 3112 1752 3144 tuto
1771 3114 1902 3147 essent,

146 3167 308 3209 Ignatius
334 3167 420 3201 illud
452 3168 578 3208 „vivae
606 3167 704 3201 vocis
731 3165 932 3200 oraculum*
964 3177 984 3199 a
1010 3177 1148 3199 summo
1175 3164 1342 3210 pontifice
1369 3163 1512 3197 videtur
1537 3163 1743 3197 obtinuisse.

1550 3224 1624 3255 13*
