2113 3430
198 220 281 259 402
720 210 796 243 125.
834 206 999 242 Canisius
1025 204 1137 239 Sociis
1164 203 1434 238 coloniensibus.

197 334 281 375 sint
315 333 433 373 lucra
467 328 731 384 spiritualia,
766 326 919 380 quibus
952 323 1179 367 ecclesiam
1212 321 1397 371 ornetis,
1431 324 1475 363 et
1509 318 1796 374 locupletetis.
1841 317 1961 358 Haec

196 397 298 440 mihi
332 395 529 449 suggerit
561 394 741 442 animus,
777 393 875 433 dum
909 404 987 432 vos
1019 392 1143 431 cum⁸
1166 385 1403 429 venerabili
1425 385 1471 427 P.
1496 384 1719 427 Leonardo
1743 383 1796 425 ob
1820 381 1965 424 oculos

198 462 300 504 mihi
332 474 538 516 propono,
572 458 781 511 vobisque
814 471 899 498 non
931 469 1055 497 secus
1089 468 1139 495 ac
1171 451 1380 494 fratribus
1403 464 1478 491 seu
1501 448 1719 502 germanis
1742 462 1817 490 seu
1840 445 1965 500 spiri-

197 527 347 570 tualib.
383 525 627 567 consultum
660 523 821 577 optime
855 520 992 575 cupio.
1056 519 1171 561 Nam
1203 515 1382 560 tametsi
1413 528 1510 556 mea
1551 528 1637 556 non
1677 512 1844 567 egeatis
1889 510 1965 553 ad-

198 591 458 640 hortatione,
494 593 542 632 vt
575 602 685 643 quae
719 586 832 629 domi
865 585 1058 640 suppetit
1090 582 1294 637 quotidie,
1328 584 1476 623 tamen
1509 581 1552 620 et
1584 579 1704 620 10003
1730 580 1774 620 01
1794 579 1965 630 tempus

199 656 490 699 admonebant
502 653 515 671 '¹
548 668 601 695 ne
633 667 711 695 vos
742 666 838 694 1000
870 650 1092 704 negligere
1125 647 1296 690 silentio
1329 645 1498 694 vellem,
1533 644 1672 685 scribo
1703 641 1876 684 interim
1899 642 1964 692 (vt

199 721 265 775 fit)
297 719 601 769 tumultuarie,
645 717 880 772 scriptique
912 716 1126 757 fructumc
1157 713 1270 754 hunc
1303 709 1501 765 quamuis
1541 708 1742 761 indignus
1782 706 1966 760 postulo,

200 790 248 830 vt
271 786 486 829 Canisium
521 799 575 826 ex
608 783 751 826 animo
783 784 978 824 vestrum
1002 779 1171 822 Christo
1199 790 1329 831 quam
1350 775 1552 824 maxime,
1586 776 1630 816 et
1652 771 1829 826 30011133.
1854 784 1968 812 0010-

200 851 424 894 mendetis.
489 851 677 892 Tantum
711 848 766 890 ad
799 861 969 889 crucem
1002 857 1313 900 praeparemus
1345 840 1533 883 animos:
1568 836 1838 881 obedientiae
1869 835 1969 888 iugo

203 930 451 972 premamus
469 914 699 969 superbam
719 912 945 962 ceruicem,
963 910 1007 952 in
1023 909 1268 952 humilitate
1285 906 1425 960 magis
1442 904 1667 958 magisque
1684 900 1969 957 proficiamus.

204 981 413 1025 Dominus
445 982 573 1023 Jesus
605 977 795 1032 gratiam
828 991 951 1019 suam
992 976 1146 1025 addat,
1191 987 1275 1027 qua
1317 973 1424 1014 duce
1465 974 1509 1013 et
1548 968 1755 1011 mundum
1788 968 1832 1008 et
1871 979 1971 1007 nos—

201 1048 317 1102 ipsos
351 1048 677 1088 contemnamus
709 1042 901 1098 penitus,
936 1045 985 1084 vt
1016 1054 1239 1094 regnum
1273 1037 1372 1080 Dei
1402 1035 1597 1091 perfecte
1629 1034 1673 1075 in
1704 1029 1855 1074 nobisd
1887 1030 1972 1072 ad-

202 1112 440 1162 0001311,
484 1113 528 1153 01
572 1123 741 1151 3010103
773 1107 853 1150 Dei
894 1107 1098 1148 voluntas
1138 1119 1216 1159 per
1256 1118 1334 1145 nos
1377 1101 1658 1155 compleatur.
1722 1098 1791 1139 Ex
1834 1095 1972 1138 literis

203 1190 416 1219 nouercae
448 1176 601 1217 lubens
632 1173 843 1227 intelligo,
877 1175 1109 1214 venturum
1140 1170 1282 1212 isthuc
1313 1168 1497 1210 fratrem
1530 1179 1671 1207 meum
1694 1163 1751 1206 M.
1776 1161 1971 1204 Theodo-

202 1243 338 1285 ricum
379 1240 597 1284 Canisium
638 1241 687 1281 vt
728 1238 911 1280 Domino
944 1236 1192 1279 Barduick2
1233 1234 1442 1287 adiungat
1485 1245 1602 1281 sese,
1648 1229 1710 1271 sic
1749 1227 1830 1270 Dei
1871 1240 1971 1281 pro-

205 1307 399 1350 uidentia
432 1321 483 1349 ac
515 1304 731 1360 sapientia
754 1303 821 1356 (vt
843 1302 988 1357 spero)
1011 1300 1223 1356 disposuit
1245 1303 1293 1342 vt
1314 1299 1352 1341 is
1374 1312 1501 1352 quem
1522 1300 1614 1339 tam
1637 1295 1708 1336 diu
1731 1291 1972 1335 desideraui

203 1376 271 1416 tot
303 1371 522 1426 suspirijs,
564 1372 632 1413 tot
672 1369 903 1423 gemitibus
936 1367 1078 1422 cupiui
1110 1365 1309 1408 societati
1341 1366 1517 1406 nostrae
1549 1359 1725 1412 adiungi
1757 1361 1805 1401 vt
1836 1358 1873 1399 is
1904 1357 1969 1398 in-

205 1452 334 1492 quam
366 1436 542 1492 propius
574 1435 753 1477 accedat
785 1434 840 1476 ad
872 1447 950 1475 vos
983 1446 1107 1485 quem
1143 1432 1276 1474 effuso
1309 1443 1404 1471 meo
1437 1427 1647 1480 sanguine
1678 1425 1722 1466 in
1759 1423 1969 1466 societate

205 1506 402 1558 optarem
447 1505 491 1544 et
531 1501 679 1542 viuere
721 1501 766 1541 et
805 1498 928 1541 mori.
991 1498 1101 1539 Tum
1143 1497 1196 1538 de
1237 1496 1375 1538 altero
1420 1494 1558 1536 fratre
1600 1491 1760 1533 Ottone
1801 1487 1970 1531 0301310

205 1568 354 1610 scribit
386 1570 435 1609 vt
467 1565 635 1620 quiduis
669 1565 721 1607 de
753 1564 827 1606 1110
860 1566 1066 1613 31310310,
1102 1564 1145 1604 01
1177 1561 1214 1604 31
1245 1560 1373 1603 velim
1407 1559 1463 1601 ad
1484 1572 1552 1600 me
1573 1557 1773 1599 iuuenem
1795 1566 1968 1596 euocem

205 1632 532 1687 Ingolstadium.
596 1631 696 1672 Non
729 1629 918 1671 rescribo
950 1630 1098 1670 tamen
1129 1627 1211 1669 hoc
1243 1628 1437 1679 tempore
1470 1637 1565 1665 cum
1598 1636 1653 1664 ex
1684 1621 1789 1662 vrbe
1820 1618 1971 1660 literas

208 1701 449 1753 expectem,
483 1696 636 1750 quibus
660 1694 960 1748 Argentinam,
994 1707 1070 1735 seu
1103 1692 1171 1746 (vt
1202 1691 1273 1745 alij
1308 1690 1460 1732 volunt
1473 1688 1503 1741 ε’)
1526 1687 1867 1740 Argentoratum
1897 1697 1972 1737 pe-

208 1759 628 1806 stilentissimorums
656 1759 1055 1802 haeresiarcharum
1089 1758 1248 1807 sedem,
1293 1756 1463 1797 Vienna
1494 1753 1668 1802 mittar,
1710 1753 1759 1792 vt
1791 1762 1972 1790 venera-

208 1828 304 1870 bilis
327 1826 613 1870 Patriarcha3
645 1825 744 1876 iam,
779 1825 942 1879 opinor,
976 1823 1132 1866 statuit
1146 1823 1175 1865 4.
1220 1822 1360 1871 Quare
1388 1820 1439 1862 R.
1465 1817 1626 1860 Prioris
1658 1812 1973 1858 Carthusiensis

209 1907 358 1948 preces
392 1906 499 1945 quas
531 1891 706 1944 indigno
741 1893 785 1932 et
815 1888 1058 1931 immerenti
1088 1887 1191 1929 mihi
1212 1889 1330 1929 tamg
1350 1886 1435 1927 fide
1457 1880 1791 1926 communicavit
1812 1892 1973 1931 nequa-

210 1972 339 2012 quam
380 1957 526 1999 irritas
569 1970 663 1999 esse
706 1954 885 1997 ducatis.
950 1955 1044 2007 Ego
1086 1953 1350 2005 singularem
1390 1949 1471 1992 Dei
1513 1945 1828 2003 prouidentiam
1874 1957 1974 1985 con-

210 2023 375 2073 sidero,
411 2036 540 2075 quum
573 2021 627 2063 ad
660 2020 1026 2073 Argentinensem
1059 2017 1372 2060 Academiam5
1404 2013 1715 2069 profectionem
1747 2023 1888 2052 meam
1920 2007 1975 2050 ad

210 2091 382 2142 tempus
423 2087 602 2129 dilatam
645 2085 837 2136 intueor,
883 2088 926 2127 et
967 2083 1223 2138 praesertim
1257 2080 1460 2135 quamdiu
1492 2075 1733 2121 saeuissimi
1764 2074 1976 2118 tumultus

330 2228 342 2241 ³
367 2224 427 2255 Sir·
454 2226 541 2255 reete
567 2233 624 2264 ap.
652 2221 738 2261 alt.,·
766 2220 888 2262 Cossu:
914 2217 984 2261 qni.

331 2275 344 2294 ¹³
369 2274 597 2320 apponebant
622 2286 680 2317 ap.
708 2275 767 2307 alt.
912 2278 922 2290 ‘⁴
948 2271 1054 2304 finem
1081 2282 1137 2313 ap.
1166 2270 1225 2303 alt.
1371 2266 1385 2286 ⁴¹
1408 2266 1566 2311 perfecte
1594 2264 1695 2298 nobis
1721 2275 1777 2306 (Q)-
1805 2263 1864 2295 alt.

330 2333 342 2347 ⁰
366 2330 499 2362 vocant
524 2339 580 2370 ap.
608 2328 668 2361 alt.
816 2324 825 2344 f
852 2323 1174 2370 perditissimorum
1201 2334 1258 2365 (ψ.
1285 2322 1345 2354 alt.

369 2393 449 2416 cum
476 2393 532 2424 ap.
561 2381 620 2414 alt.

338 2511 344 2529 ¹
374 2509 427 2543 Cf.
454 2507 584 2542 Matth.
612 2507 643 2548 6,
674 2507 726 2540 lo.
770 2505 853 2538 Luc.
883 2505 936 2545 11,
964 2504 995 2537 2.

338 2562 350 2582 ²
377 2562 543 2596 Andreae
571 2559 684 2600 Hei-ll,
712 2558 881 2592 canonico
909 2558 942 2591 S.
971 2555 1155 2591 Gereonis.
1301 2555 1314 2574 ³
1340 2553 1373 2587 S.
1402 2552 1575 2597 Ignatius.

335 2617 347 2635 ⁴
374 2614 550 2655 03013103,
578 2613 694 2657 inquit
713 2613 898 2654 Pozanens,
926 2610 1207 2653 Argentoratum
1230 2609 1329 2653 ,post
1348 2606 1486 2640 Pascha
1506 2605 1702 2639 mittendus
1722 2602 1952 2638 credebatur“
1971 2613 1977 2641 ;

216 2669 278 2703 sed
310 2668 363 2710 ,id
389 2667 465 2702 fieri
492 2679 561 2701 non
587 2667 746 2711 poterat,
783 2676 827 2698 ne
855 2663 1122 2708 compendiu1n“
1154 2662 1393 2705 theologicum
1424 2658 1580 2702 ,tamdiu
1607 2657 1838 2691 differendum
1871 2656 1978 2695 esset,

218 2722 309 2766 quod
336 2724 409 2755 tam
437 2720 542 2754 avide
569 2718 759 2753 admodum
785 2716 1075 2762 exspectabatur,
1102 2717 1147 2756 et,
1175 2727 1220 2749 ex
1246 2727 1314 2759 quo
1333 2713 1507 2748 Viennam
1535 2710 1791 2756 I‘iervenoranff
1815 2707 1978 2743 Canisius

219 2778 254 2809 et
280 2774 494 2814 Goudanus,
534 2773 646 2815 ,inter
681 2771 771 2805 alias
805 2770 1057 2815 occupationes
1087 2769 1180 2802 hanc
1206 2768 1264 2802 vel
1290 2767 1403 2812 primo
1430 2766 1506 2799 loco
1533 2764 1732 2798 habebant“
1765 2760 1978 2806 (Chronicon

221 2828 261 2869 11,
290 2827 506 2870 567—569).
542 2827 594 2859 Ac
621 2826 661 2859 P.
688 2823 858 2858 Nicolaus
883 2822 1039 2857 Lanoius
1065 2821 1204 2855 Vienna
1232 2821 1286 2854 24.
1316 2819 1451 2864 Aprilis
1481 2818 1569 2852 1552
1598 2817 1630 2851 S.
1650 2815 1790 2860 ignatio
1816 2813 1979 2857 scripsit:

224 2880 374 2919 ,Dor-101·
402 2879 565 2913 Canisius
592 2878 795 2923 propediem
824 2876 872 2920 [in
898 2874 1149 2918 universitate]
1177 2873 1406 2919 expositurus
1433 2874 1487 2905 est
1523 2869 1768 2915 compendium
1804 2866 1980 2910 quoddam

223 2933 438 2973 theologiae,
482 2944 545 2966 seu
581 2931 797 2965 christianae
836 2929 1038 2969 doctrinae,
1078 2928 1171 2971 quod
1209 2939 1298 2971 opus
1330 2925 1434 2971 jussu
1471 2921 1695 2958 Serenissimi
1722 2920 1831 2963 Regis
1869 2919 1981 2952 nostri

225 2986 260 3018 1‘.
289 2985 458 3019 Claudius
486 2984 609 3028 [laius]
638 2984 825 3017 concinnat
851 2983 886 3016 in
912 2993 1015 3016 usum
1045 2980 1268 3026 potissimum
1296 2979 1535 3013 studiosorum
1562 2979 1597 3010 et
1622 2977 1822 3020 pastorum.
1859 2973 1919 3016 qui
1946 2972 1981 3005 in

223 3038 413 3070 ditionibus
442 3038 549 3080 regiis
577 3037 722 3080 degunt,
749 3036 878 3080 quibus
903 3047 971 3069 non
999 3034 1206 3069 conceditur
1232 3033 1393 3067 diversas
1420 3031 1462 3064 ob
1481 3028 1715 3064 necessitates
1733 3027 1769 3060 in
1787 3025 1980 3059 academiis

223 3090 356 3123 diutius
383 3097 610 3133 permanere*
644 3090 818 3126 (Litterae
844 3090 1118 3132 qnadrimestres
1144 3087 1168 3127 I,
1197 3086 1294 3129 575).

343 3143 355 3161 ⁵
382 3143 573 3175 Aemiemia
609 3142 670 3176 illa
705 3143 782 3176 sive
818 3141 940 3176 schola
976 3140 1081 3174 altior
1115 3151 1135 3173 a
1162 3139 1291 3173 Ioanne
1318 3136 1472 3172 Sturmio
1499 3134 1690 3177 regebatur
1717 3135 1752 3167 et
1778 3143 1977 3177 propugna-

225 3195 343 3229 culum
371 3195 544 3238 quoddam
573 3198 647 3227 crat
676 3194 970 3239 protestantismi.
