2113 3430
209 203 294 242 422
790 198 867 233 129.
908 198 1074 234 canisius
1098 200 1265 235 Andreae
1291 201 1404 236 Herll.

208 322 255 360 vt
289 332 499 359 summam
532 316 728 371 profecto
762 316 1181 360 commiserationem
1215 332 1318 360 oues
1340 318 1498 361 Christi
1532 319 1845 361 afflictissimae
1877 333 1981 373 pro-

207 385 468 424 mereantur.
533 382 707 424 Confido
741 384 886 423 autem
919 382 1013 423 fore
1045 384 1095 424 vt
1125 382 1251 424 multi
1284 397 1339 425 ex
1371 384 1531 426 nostris
1564 384 1728 438 egressi
1760 384 1803 425 in
1835 385 1981 437 Pagos

206 448 372 489 vicinos
404 462 607 501 magnam
630 447 836 489 Austriae
869 462 993 501 opem
1027 447 1242 497 adferant,
1278 448 1531 502 praesertim
1567 463 1662 491 cum
1695 450 1979 492 Sacerdotum

206 512 274 554 hic
306 512 486 566 penuria
518 512 574 554 sit
600 512 766 565 ingens,
802 516 846 555 et
867 512 911 553 in
933 512 1014 555 hoc
1037 512 1227 565 Collegio
1255 513 1418 566 egregij
1443 513 1616 556 alantur
1637 514 1977 557 Adolescentes¹

206 578 276 631 qui
312 577 596 620 Germanicae
619 577 794 619 Patriae
827 577 995 631 possint
1027 592 1078 619 ac
1111 577 1248 620 velint
1281 592 1382 619 suas
1415 592 1568 632 operas
1602 579 1707 621 dare
1738 581 1851 622 bona
1879 580 1978 630 fide,

206 643 320 685 faxit
356 643 618 684 Dominus
661 642 902 692 messis2,
944 646 993 685 vt
1034 643 1276 684 huiusmodi
1318 643 1540 697 operarios
1580 644 1790 698 paulatim
1831 646 1981 699 plures

207 722 291 750 non
315 707 519 751 Austriae
551 708 678 749 modo
711 708 785 749 sed
814 707 1071 750 Germaniae
1104 707 1186 750 toti
1217 708 1508 751 instituamus.
1544 709 1901 761 quemadmodum
1935 713 1982 752 et-

208 774 332 816 Pont:
366 773 483 815 Max:
518 773 682 815 Romae
715 773 803 814 suis
836 772 1039 827 expensis
1070 773 1307 826 Collegium
1341 773 1635 826 germanicum
1669 775 1794 817 docte
1826 789 1876 817 ac
1908 775 1980 830 pie

208 838 521 881 instituendum
570 841 695 880 curat
710 839 739 880 3.
815 838 1039 880 Habemus
1086 838 1202 880 inter
1247 841 1420 880 nostros
1468 837 1626 891 (gloria
1670 839 1858 891 Christo)
1906 840 1978 893 qui

207 903 424 957 quotidiea
457 903 571 945 domi
593 903 661 945 hic
693 917 788 945 sese
812 906 1047 945 exerceant
1070 904 1377 953 concionando,
1411 918 1497 945 non
1519 904 1767 957 germanice
1791 906 1978 955 tantum,

207 969 283 1011 sed
316 972 359 1011 et
390 968 639 1021 hungarice‚
675 968 915 1018 Slavonice,
950 969 1114 1018 Italice,
1148 969 1397 1023 Hispanice,
1432 969 1614 1022 gallice,
1647 971 1741 1010 tum
1773 969 1980 1012 idiomate

206 1034 434 1076 Flandrico
459 1037 502 1077 et
524 1034 763 1076 Leodiensi.
798 1033 952 1076 omitto
983 1035 1034 1076 de
1066 1034 1214 1088 lingua
1247 1034 1384 1077 latina
1417 1037 1461 1076 et
1493 1048 1651 1088 graeca
1684 1035 1840 1084 dicere,
1877 1049 1976 1076 nam

207 1099 370 1141 omnis
402 1099 582 1153 lingua
604 1102 653 1142 vt
682 1099 1006 1142 confiteatur
1028 1100 1273 1141 Domino*
1296 1103 1340 1142 et
1362 1099 1526 1142 seruiat
1549 1100 1771 1142 Ecclesiae
1793 1114 1874 1154 par
1896 1103 1978 1147 est,

206 1166 271 1206 De
294 1164 473 1206 Turcico
497 1164 705 1207 Exercitu
729 1165 832 1206 nihil
857 1165 1079 1210 habemus,
1114 1168 1158 1207 et
1179 1165 1390 1207 incertum
1415 1179 1470 1206 an
1493 1179 1540 1206 se
1562 1168 1689 1219 paret
1710 1165 1806 1206 Rex
1829 1167 1980 1207 noster

206 1230 259 1271 ad
294 1229 565 1283 Hungariam
598 1231 957 1284 recuperandam,
991 1230 1106 1272 inter
1137 1244 1257 1284 spem
1290 1233 1538 1284 metumque
1571 1230 1725 1272 viuunt
1756 1230 1825 1271 hic
1858 1231 1979 1272 anci-

206 1294 339 1349 pites,
384 1295 460 1337 sed
501 1295 609 1337 satis
650 1310 720 1337 res
761 1295 856 1350 ipsa
889 1296 1066 1350 probat,
1110 1296 1274 1338 DEVm
1307 1296 1430 1337 nobis
1464 1295 1622 1338 iratum
1656 1309 1681 1337 a
1713 1296 1979 1348 flagellando

210 1360 370 1414 Populo
400 1374 485 1402 non
518 1360 646 1402 facile
679 1363 947 1402 cessaturum
982 1361 1186 1414 quamdiu
1218 1363 1344 1404 tanta
1375 1360 1537 1415 passim
1572 1363 1729 1414 regnat
1761 1360 1978 1415 impiet-as,

206 1428 251 1468 et
282 1425 390 1467 haec
423 1440 518 1467 cum
553 1426 664 1467 omni
700 1426 819 1468 vitae
851 1426 1028 1468 licentia
1061 1440 1111 1468 ac
1142 1425 1422 1480 improbitate
1455 1426 1697 1468 coniuncta.
1756 1426 1978 1468 Haeretici

206 1505 303 1532 cum
341 1490 550 1533 aduersus
583 1491 827 1534 Catholicos
859 1491 978 1545 prius
1011 1505 1132 1533 arma
1164 1491 1424 1541 mouissent,
1468 1506 1580 1533 nunc
1614 1491 1745 1533 etiam
1787 1491 1900 1533 inter
1931 1505 1982 1533 se

206 1556 457 1599 conflictare
479 1556 684 1599 videntur
698 1558 727 1606 5,
761 1559 810 1599 vt
841 1556 906 1598 bis
929 1557 1088 1599 misera
1121 1557 1177 1599 sit
1201 1557 1446 1607 Germania,
1481 1556 1572 1599 siue
1601 1557 1721 1610 pacis
1753 1556 1844 1598 siue
1876 1556 1979 1598 belli

205 1621 420 1663 rationem
442 1621 641 1676 aspicias,
676 1636 816 1675 neque
839 1622 947 1664 satis
970 1623 1084 1676 apud
1107 1622 1351 1665 Catholicos
1383 1622 1495 1665 tueri
1523 1634 1630 1672 sese,
1665 1635 1804 1674 neque
1825 1622 1981 1664 haere-

206 1686 303 1729 ticis
336 1688 551 1729 confidere
583 1687 742 1742 possit:
784 1688 847 1730 ita
879 1701 1041 1742 poenas
1074 1688 1227 1729 damus
1259 1702 1344 1729 non
1386 1688 1525 1729 solum
1557 1690 1754 1729 mutatae
1795 1687 1896 1728 fidei
1935 1690 1980 1728 et

206 1750 423 1795 violataeb
455 1753 748 1802 obedientiae,
788 1753 864 1795 sed
897 1752 1030 1795 etiam
1062 1753 1209 1806 grauis
1243 1753 1501 1795 oscitantiae
1534 1767 1584 1794 ac
1616 1766 1756 1794 vanae
1789 1753 1979 1794 Conuer—

207 1817 388 1859 sationis
435 1821 637 1868 nostrae,
687 1819 800 1872 quod
847 1818 1148 1872 praedicamus
1197 1818 1393 1871 quidem,
1449 1818 1523 1859 sed
1572 1832 1657 1859 non
1704 1819 1983 1872 praestamus

206 1884 427 1925 fructus
475 1883 674 1936 dignos
720 1883 1186 1938 poenitentiae⁰⁶‚
1242 1897 1381 1936 neque
1430 1882 1983 1937 superaedificamus

206 1947 602 1991 fundamentoT
636 1949 749 2002 quod
782 1952 849 1990 est
881 1948 923 1990 in
956 1949 1125 1991 Christo
1164 1951 1208 1991 et
1248 1949 1290 1990 in
1324 1948 1522 1990 Ecclesia
1564 1948 1852 1990 adhaerentes
1884 1947 1980 1991 viti.

206 2013 282 2054 sed
322 2013 459 2055 veluti
501 2013 609 2055 aridi
651 2013 886 2068 palmitesS
928 2028 1109 2067 quorum
1150 2013 1287 2055 finis
1330 2017 1415 2056 est
1456 2013 1507 2055 in
1550 2012 1979 2062 combustione9,

206 2077 433 2120 formam
466 2078 738 2121 habentes
770 2079 1033 2133 pietatis,
1067 2079 1142 2121 sed
1177 2081 1294 2121 certe
1327 2079 1598 2121 virtutem
1632 2078 1803 2120 eius10
1837 2077 1978 2120 neuti-

207 2157 335 2196 quam
366 2144 659 2186 ostendenteS.
702 2143 860 2186 Christi
893 2144 1045 2186 fauore
1077 2144 1238 2195 schola,
1274 2158 1401 2197 quam
1434 2143 1503 2185 hic
1536 2143 1802 2186 instituimus
1834 2142 1981 2197 pueris

207 2208 274 2261 pie
297 2222 348 2250 ac
371 2208 497 2249 docter
520 2209 810 2257 instituendis,
842 2209 1038 2262 procedit
1060 2209 1246 2251 feliciter
1262 2209 1310 2257 11,
1345 2222 1637 2262 magnumque
1660 2222 1714 2249 ex
1738 2222 1789 2249 ea
1811 2208 1978 2249 lucrum

326 2339 338 2352 ‘¹
361 2333 511 2376 quitidie
539 2345 662 2377 apofsr.
810 2334 822 2351 '⁷
848 2334 1028 2368 violentae
1055 2345 1178 2377 (tpoyr.

325 2391 335 2405 ⁰
362 2387 440 2419 Hm·
467 2388 682 2430 vocabulum,
710 2389 803 2430 «lund
830 2389 1006 2421 librarius
1033 2389 1142 2431 (essere
1169 2399 1239 2420 non
1260 2389 1389 2431 potnit.
1417 2388 1612 2420 Kritzradt
1637 2388 1819 2429 supplerit.

331 2492 339 2511 ¹
367 2490 507 2525 Novicii
535 2493 571 2525 et
597 2490 805 2525 scholastici
833 2491 866 2525 S.
896 2492 949 2531 J.;
977 2491 1023 2525 cf.
1051 2502 1161 2536 supra
1186 2502 1219 2535 p.
1246 2491 1447 2524 414—415.
1593 2491 1605 2510 ‘·'
1633 2490 1762 2524 Matth.
1791 2491 1822 2530 9,
1850 2489 1904 2524 38.

327 2544 340 2563 ³
365 2543 417 2577 De
452 2544 679 2578 institutione
714 2544 857 2587 collegii
901 2544 1098 2587 germanici
1137 2544 1219 2578 vide
1259 2543 1429 2587 „Uollegii
1467 2543 1670 2578 Germanici
1710 2546 1746 2577 et
1779 2542 1979 2586 Hungarici

210 2596 439 2637 Historiam:
467 2600 612 2631 auctore
640 2599 707 2631 Iul.
740 2598 904 2631 Cra-dara
931 2597 964 2631 S.
985 2598 1016 2631 J.
1048 2597 1196 2640 (Romae
1226 2597 1331 2640 1770)
1360 2609 1393 2641 p.
1425 2597 1548 2638 1—-15,
1576 2599 1612 2630 et
1639 2598 1842 2637 Polaticum,
1870 2595 1980 2630 Chro-

208 2650 308 2683 nicon
338 2650 380 2690 ll,
406 2650 615 2690 421—424,
652 2651 808 2684 maxime
834 2662 920 2684 vero
947 2662 1035 2695 opus
1062 2651 1292 2695 bipartitum,
1329 2662 1398 2693 quo
1434 2662 1546 2694 nuper
1573 2649 1878 2684 eminentissimus
1904 2660 1979 2682 car-

207 2703 337 2736 dinalis
356 2705 524 2737 Andreas
542 2705 754 2737 Steinlmlm·
773 2704 806 2737 S.
827 2704 871 2745 J.,
899 2704 1005 2737 huius
1033 2703 1174 2746 collegii
1202 2703 1285 2737 olim
1313 2703 1478 2737 alumnus
1506 2705 1542 2737 et
1567 2705 1693 2747 postea
1711 2704 1837 2743 rector,
1864 2704 1977 2736 totam

208 2756 283 2789 vius
310 2756 497 2790 historiam
525 2769 569 2790 ex
596 2756 684 2801 ipsis
711 2757 871 2791 fontibus
907 2757 1155 2801 depromptam
1192 2756 1381 2799 insigniter
1417 2756 1625 2801 complexus
1661 2758 1717 2790 est
1745 2754 1981 2799 (Geschichte

208 2809 270 2841 <les
298 2808 495 2853 Collegium
524 2810 777 2844 Germanicum
804 2810 1051 2852 Hungaricuni
1079 2810 1113 2843 in
1141 2810 1230 2843 Rom
1258 2810 1271 2843 1
1301 2808 1488 2853 [Freiburg
1515 2810 1536 2843 i.
1565 2809 1622 2843 ΒΓ.
1652 2807 1768 2852 1895]‚
1798 2807 1940 2849 1—36).

328 2864 338 2881 ⁴
369 2862 457 2896 Phil.
487 2864 517 2903 2,
549 2864 600 2897 11.
654 2863 706 2896 Cf.
735 2863 793 2897 ΡΞ.
823 2863 853 2901 7,
883 2864 944 2903 18ς
974 2864 1029 2900 91,
1056 2863 1076 2896 2
1104 2865 1171 2896 etc.

329 2916 340 2933 ⁵
367 2915 444 2948 Non
483 2916 595 2950 multo
623 2919 703 2961 post
733 2916 780 2960 (9.
809 2916 889 2949 Iulii
921 2916 1026 2958 15:33)
1056 2915 1228 2950 Albertus
1253 2915 1412 2949 marchio
1438 2913 1790 2957 brandenburgensis
1815 2915 1851 2946 ct
1876 2912 1974 2946 Mau-

211 2966 312 2998 ritius
341 2966 516 3001 {saxoniae
544 2969 677 3003 elector
704 2969 796 3013 apud
825 2968 1107 3003 Sievershausen
1134 2968 1210 3002 acie
1237 2969 1330 3002 inter
1356 2980 1394 3002 se
1421 2969 1688 3002 concurrerunt.
1741 2966 1792 2999 Cf.
1822 2967 1973 2998 erszwn

211 3018 230 3051 l.
259 3032 287 3051 c.
321 3020 376 3055 lll,
406 3021 483 3054 731.
631 3023 644 3041 ⁰
672 3022 754 3055 Luc.
783 3023 814 3060 3
842 3022 874 3056 8.
1021 3023 1032 3041 ⁷
1061 3022 1076 3055 1
1108 3022 1184 3055 Cor.
1213 3021 1244 3062 3,
1276 3022 1328 3055 12.
1366 3021 1453 3065 Eph.
1482 3021 1512 3059 2,
1540 3020 1594 3054 ¹20.
1634 3020 1649 3053 1
1679 3018 1774 3052 Petr.
1802 3020 1833 3055 2.
1862 3019 1892 3052 5.

331 3074 342 3089 ⁸
369 3074 422 3106 ef.
452 3074 497 3107 lo.
529 3075 581 3114 1.'›‚
612 3075 712 3108 1—7.
861 3078 872 3095 '³
900 3075 1007 3109 Hebr.
1036 3075 1067 3115 6,
1095 3075 1127 3109 8.
1277 3075 1303 3095 ¹⁰
1329 3075 1349 3107 2
1376 3073 1466 3107 Tim.
1495 3073 1525 3113 3,
1552 3073 1583 3106 5.

319 3126 342 3144 ¹¹
371 3130 467 3164 1211110
495 3126 536 3159 (10
563 3127 668 3160 huius
695 3128 840 3161 scholae
867 3127 997 3165 initiis,
1034 3139 1125 3161 anno
1155 3127 1245 3161 1552
1281 3127 1407 3166 factis,
1445 3126 1556 3159 refert
1591 3124 1732 3167 collegii
1768 3124 1979 3158 viennensis

212 3175 360 3209 historia
388 3189 491 3211 manu
519 3179 653 3223 scripta
683 3179 790 3223 (quac
817 3192 911 3214 nunc
941 3180 1098 3213 Viennae
1126 3180 1160 3213 in
1199 3179 1414 3213 bibliotheca
1449 3178 1565 3212 aulica
1593 3177 1690 3221 [eod.
1719 3177 1824 3220 8367]
1861 3189 1977 3211 asser-
