2113 3430
660 203 765 237 Initio
791 203 975 237 Februarii
1001 205 1037 236 et
1065 202 1117 236 1⁶2.
1145 202 1267 236 Martii
1296 202 1396 236 1545.
1830 204 1911 244 143

149 321 388 365 studiorum
409 321 627 374 impensas
648 320 867 375 pollicitus
900 323 978 362 est.
1034 320 1165 362 Pater
1186 320 1237 361 D.
1261 317 1452 359 Alvarus
1485 319 1539 360 ad
1572 333 1649 360 vos
1681 332 1913 373 properare

151 386 357 428 voluisset
389 385 471 427 nisi
502 386 553 427 D.
588 385 816 427 Bobadilla
849 385 1126 426 dissuasisset
1158 397 1347 438 prorsus.
1402 383 1564 425 Probat
1597 386 1741 425 autem
1774 397 1912 425 meam

150 451 205 493 ad
236 449 528 492 Lovanienses
570 449 981 502 commigrationem.
1046 450 1167 490 Haec
1198 447 1320 490 initio
1362 448 1521 489 mensis
1554 448 1775 489 Februarii
1808 447 1912 489 scri-

150 516 324 557 bebam:
366 518 519 569 postea
559 515 664 556 nihil
705 514 864 556 addere
897 513 1014 555 volui
1056 528 1185 566 quum
1226 513 1344 554 nulla
1384 512 1487 553 mihi
1524 513 1615 565 jam
1656 527 1754 566 spes
1797 515 1911 554 esset

150 580 316 633 reliqua
348 580 461 633 quod
492 579 634 621 isthuc
666 578 945 633 pervenirent
977 578 1129 620 literae
1162 591 1297 627 meae⁷
1333 591 1440 630 quas
1473 577 1682 618 Dominus
1709 577 1910 619 Alvarus.

151 645 294 686 nescio
317 658 401 697 qua
424 644 485 685 de*
499 658 642 694 causa,
677 643 842 686 detinet
874 657 956 696 quo
991 643 1045 684 ad
1079 657 1178 684 suas
1212 642 1343 684 etiam
1375 641 1597 695 adjungat.
1645 641 1912 683 Tarditatem

152 710 243 763 ejus
274 709 318 750 in
337 709 562 751 scribendo
596 708 662 762 (ut
684 723 835 750 verum
868 707 1029 760 fatear)
1062 707 1357 760 indignissime
1390 706 1482 756 tuli,
1516 720 1834 759 nonnumquam
1866 709 1912 748 111

151 775 362 829 plorans³‚
396 788 446 816 eo
480 774 592 826 quod
623 773 726 815 mihi
758 772 884 814 nimis
917 772 1088 814 crudele
1121 772 1342 813 videretur
1374 774 1557 825 paterna
1589 773 1665 812 tua
1700 785 1804 824 erga
1837 784 1912 811 nos

151 840 319 881 viscera
350 841 418 881 tot
449 838 587 880 modis
620 838 824 888 cruciare,
859 851 989 890 quum
1022 839 1089 879 tot
1120 837 1338 878 mensibus
1362 836 1772 878 desidemtissimam
1805 835 1913 877 filio—

151 919 245 945 rum
287 904 472 946 salutem
513 903 759 956 ignorares,
806 905 1067 955 nostraeque
1108 901 1401 954 negligentiae
1443 901 1567 955 culpa
1610 903 1724 942 esset
1770 903 1817 942 ut
1861 914 1914 942 ne

151 968 370 1011 tantillum
401 968 543 1010 isthuc
575 968 858 1010 mitteremus,
923 967 1006 1009 Sed
1049 980 1103 1008 ne
1135 966 1213 1008 sim
1247 966 1424 1010 nimius,
1468 965 1632 1018 reliqua
1664 968 1768 1019 puto
1802 979 1912 1006 1111111-

151 1034 327 1075 tandem
368 1033 611 1087 perscripta
651 1046 745 1074 esse
783 1046 808 1074 a
841 1031 1095 1074 Reverendo
1128 1030 1310 1072 Domino
1343 1031 1528 1079 Alvaro,
1573 1030 1663 1072 sive
1706 1030 1818 1083 quod
1859 1030 1913 1071 ad

153 1098 360 1141 Comitem
404 1098 676 1140 Montensem
719 1099 889 1151 spectat
934 1095 1024 1149 (qui
1065 1110 1143 1137 nos
1185 1109 1332 1136 omnes
1376 1095 1419 1136 in
1464 1095 1682 1136 Greldriam
1727 1108 1913 1136 evocans

153 1163 271 1217 cupit
302 1163 541 1205 studiorum
574 1164 618 1204 et
649 1161 767 1204 vitae
800 1164 997 1215 sumptus
1018 1160 1105 1202 illic
1126 1160 1364 1202 liberaliter
1387 1159 1612 1213 impartiri,
1648 1159 1714 1201 9111
1736 1159 1914 1213 proinde

153 1227 290 1270 literis
330 1227 437 1269 meis
478 1227 644 1280 gratias
685 1226 771 1280 egi)
813 1226 906 1268 siue
947 1225 1060 1279 quod
1102 1225 1156 1267 ad
1197 1239 1315 1266 meas
1358 1224 1584 1266 conciones
1617 1224 1735 1266 facit.
1799 1223 1914 1265 Nam

152 1307 230 1346 per
250 1293 302 1334 D.
336 1292 548 1333 seniorem
581 1291 856 1333 Hardenraet
888 1291 959 1344 qui
991 1293 1193 1345 paratum
1226 1289 1466 1331 cubiculum
1496 1288 1652 1331 obtulit
1685 1289 1914 1342 aliquando

153 1355 415 1398 Paternitati
436 1356 555 1397 Tuae
587 1355 828 1398 solicitatus
860 1369 955 1396 511111
988 1355 1042 1396 ad
1075 1352 1418 1408 suscipiemlumb
1451 1353 1728 1395 concionandi
1762 1368 1915 1395 munus

154 1421 267 1474 quod
289 1420 364 1462 obc
387 1419 703 1463 concionatoris
726 1420 941 1463 defectum
960 1419 1125 1473 aliquot
1137 1420 1227 1474 jam
1246 1419 1369 1460 annis
1387 1433 1472 1459 non
1489 1418 1913 1460 administrabatur1.

154 1485 374 1527 Permovit
414 1499 482 1527 me
514 1486 560 1528 P.
595 1485 784 1527 Ρ1·1ο1’152
817 1486 1018 1527 voluntas
1060 1487 1107 1526 ut
1147 1484 1228 1526 hac
1269 1484 1312 1525 in
1345 1498 1391 1525 re
1425 1486 1627 1525 conatum
1659 1497 1800 1524 meum
1832 1497 1916 1524 non

155 1550 471 1603 denegaverim.
535 1550 604 1592 Ita
644 1550 808 1592 factum
850 1552 917 1592 est
959 1552 1006 1592 ut
1044 1563 1100 1591 ex
1131 1550 1318 1592 fratrum
1351 1562 1519 1602 quoque
1552 1548 1728 1589 consilio
1762 1548 1916 1589 sabba-

154 1615 285 1657 thinis
329 1617 373 1657 et
413 1614 647 1657 Dominicis
692 1615 841 1656 diebus
888 1615 931 1656 in
976 1614 1185 1668 Capitolio
1232 1614 1472 1656 Germanus
1522 1613 1634 1666 apud
1680 1613 1915 1654 Germanos

155 1680 429 1723 sermociner.
482 1679 743 1723 Benedictus
775 1680 984 1721 Dominus
1017 1679 1088 1732 qui
1121 1679 1328 1732 majorem
1362 1678 1478 1721 dedit
1511 1692 1756 1719 successum
1790 1692 1915 1730 quam

156 1745 271 1787 credi
302 1745 429 1787 facile
461 1745 609 1800 possit.
663 1744 937 1787 Auditorium
960 1745 1116 1797 obtigit
1139 1744 1348 1786 celebrius
1381 1743 1494 1785 forte
1528 1757 1654 1796 quam
1687 1742 1808 1793 velis,
1843 1745 1917 1784 aut

156 1825 236 1864 ego
270 1810 450 1865 cupiam.
514 1811 579 1852 De
612 1810 913 1860 Senatoribus,
948 1809 1226 1858 Doctoribus,
1262 1808 1578 1851 Sacerdotibus.
1613 1811 1789 1861 praeter
1819 1821 1918 1860 pro-

156 1875 363 1917 miscuam
396 1875 611 1917 hominum
645 1874 986 1924 multitudinem,
1021 1874 1102 1916 dici
1135 1874 1272 1916 multa
1304 1876 1494 1928 possent.
1560 1873 1720 1914 Omnes
1752 1872 1795 1913 111
1828 1887 1918 1913 ma-

156 1955 287 1993 gnam
331 1955 451 1995 spem
505 1939 730 1994 eriguntur
773 1940 866 1982 fore
910 1942 1115 1994 putantes
1160 1942 1208 1982 ut
1258 1938 1520 1980 incredibilis
1565 1938 1662 1979 hinc
1714 1940 1920 1990 sequatur

156 2006 336 2048 fructus.
385 2005 478 2058 Ego
510 2005 698 2047 maxime
729 2005 925 2046 Momosss
958 2004 1153 2046 desidero
1187 2004 1287 2045 dum
1319 2003 1446 2045 audio
1480 2017 1573 2045 mea
1609 2002 1751 2044 omnia
1784 2002 1918 2043 omni-

157 2071 236 2112 bus
267 2070 451 2124 placere.
501 2070 609 2111 Tam
640 2073 741 2112 sunt
771 2069 969 2112 benevoli
1002 2072 1045 2111 et
1078 2069 1248 2111 candidi
1281 2069 1513 2111 auditores.
1566 2067 1743 2111 Interim
1776 2067 1918 2109 nescio

158 2135 252 2188 quis
285 2134 517 2177 accesserit
548 2134 675 2176 favor
696 2134 977 2188 plurimorum
1010 2134 1081 2187 qui
1105 2134 1252 2176 dolent
1284 2148 1334 2175 ac
1356 2133 1616 2187 permoleste
1649 2132 1795 2174 ferunt
1820 2131 1917 2173 111111·

157 2214 225 2242 1119
267 2200 566 2242 discessurum.
630 2200 742 2241 Tota
779 2199 982 2241 Facultas
1014 2199 1331 2253 Theologorum
1373 2198 1569 2252 proprias
1612 2197 1729 2239 dedit
1769 2196 1918 2238 literas

159 2265 214 2307 ad
245 2264 546 2306 Reverendum
578 2265 629 2306 D.
663 2263 889 2306 Bobadilla
921 2264 1153 2306 Bruxellae
1186 2266 1402 2317 agentem,
1436 2266 1484 2305 ut
1516 2262 1551 2304 is
1584 2276 1652 2304 me
1684 2261 1807 2303 annis
1841 2261 1918 2303 ali-

159 2332 263 2383 quot
293 2329 361 2370 hic
393 2328 719 2382 relinquendum
752 2331 873 2371 curet
905 2331 1035 2382 atque
1068 2329 1123 2370 ad
1154 2328 1469 2383 promotionem
1502 2327 1807 2381 Theologicam
1842 2340 1917 2367 ex-

158 2394 396 2437 hortetur4.
459 2393 667 2436 Dominus
708 2390 986 2448 Praepositus
1028 2393 1249 2436 Hoitfilter
1290 2394 1439 2435 eadem
1483 2393 1534 2434 de
1576 2406 1705 2434 causa
1748 2390 1918 2445 scripsit

278 2531 291 2544 ³⁸
315 2528 396 2569 Sic,-
420 2528 479 2560 seael
505 2528 681 2570 Zeyemlecm
712 2528 849 2560 videtur
875 2528 909 2560 et
936 2526 1080 2571 plorans
1106 2528 1156 2559 rel
1182 2528 1221 2559 ut
1246 2525 1433 2570 plorarem.

278 2579 292 2598 ¹¹
315 2579 529 2624 suscipiendi
557 2592 678 2624 ‹cpogfla
823 2585 834 2598 0
861 2579 904 2613 ad
931 2591 1051 2624 apom'.

284 2707 292 2726 ¹
319 2705 478 2739 Ecclesia
511 2705 663 2746 „Beatae
688 2704 824 2738 Mariae
852 2704 1012 2748 Virginis
1038 2704 1073 2737 in
1101 2703 1294 2748 Capitoliou
1329 2703 1430 2747 (111119
1457 2701 1673 2745 991199111115,
1700 2713 1792 2734 1111111·
1820 2712 1919 2745 paro-

162 2758 303 2802 chialis)
333 2770 378 2792 ex
404 2757 664 2801 antiquissimis
690 2759 746 2791 est
771 2760 807 2791 et
833 2757 1083 2802 pulcherrimis
1113 2756 1258 2801 templis
1294 2755 1564 2790 coloniensibus.
1616 2754 1730 2788 Huius
1756 2765 1839 2798 pars
1866 2756 1920 2788 est

162 2811 334 2846 sacellum
361 2811 394 2845 S.
422 2810 640 2851 Salvatoris,
675 2810 711 2844 in
744 2822 813 2855 quo
840 2810 1029 2853 magnifice
1060 2812 1231 2843 exornato
1270 2810 1417 2843 loannes
1444 2808 1667 2841 Hardcnraet
1703 2807 1793 2841 civis
1829 2807 1919 2840 colo-

163 2865 295 2899 niensis
322 2864 469 2908 eiusque
496 2875 585 2897 uxor
612 2863 753 2897 circiter
778 2874 909 2897 annum
938 2863 1027 2897 1466
1058 2863 1205 2897 missam
1236 2862 1448 2896 cantandam
1475 2861 1669 2904 laudesque
1697 2860 1919 2904 vespertinas

164 2918 296 2952 Beatae
322 2917 483 2961 Virginis
519 2916 647 2950 cotidie
677 2916 860 2950 faciendas
886 2916 1138 2957 instituerunt,
1174 2916 1322 2959 ideoque
1357 2914 1528 2948 sacellum
1560 2913 1646 2947 illud
1673 2913 1779 2947 etiam
1812 2913 1918 2954 „Har-

163 2971 321 3005 dem-aits
347 2969 480 3015 capell*L
513 2969 718 3003 vocabatur.
770 2969 867 3003 Idem
893 2968 1117 3002 Hardenraet
1156 2969 1249 3013 apud
1277 2968 1423 3001 eandem
1450 2966 1637 3001 ecclesiam
1664 2966 1918 3000 habitationem

164 3035 226 3069 pro
262 3023 467 3058 cantoribus
503 3021 708 3056 aedificavit
743 3024 779 3055 et
805 3022 943 3056 dotavit
972 3022 1169 3065 (Chronica
1196 3022 1454 3062 Isoelltosl'ensis
1480 3018 1600 3063 [1499]
1637 3019 1750 3053 denuo
1778 3019 1872 3052 edita
1900 3031 1918 3051 a

165 3078 210 3110 II.
242 3077 449 3117 cco-dauns,
485 3075 549 3109 Die
576 3074 778 3109 Chroniken
805 3075 867 3109 der
891 3074 1242 3108 niederrheinischen
1270 3073 1413 3107 Stiidte:
1442 3071 1530 3106 Coln
1557 3073 1589 3106 11
1617 3072 1775 3117 [Leipzig
1804 3071 1919 3114 1876}

166 3129 361 3163 392—393.
412 3130 509 3163 Bnelae
538 3129 736 3169 ir'emhery
764 3127 805 3169 H,
831 3128 910 3163 202.
1056 3127 1069 3147 ²
1095 3126 1245 3161 Gerardi
1272 3125 1537 3160 Hannnontani.

283 3183 297 3203 ³
321 3181 620 3227 Reprehensores.
764 3181 776 3201 ⁴
803 3180 877 3214 Has
904 3180 1043 3214 litteras
1072 3180 1151 3213 vide
1179 3179 1280 3217 infra,
1307 3191 1461 3213 monum.
1491 3179 1543 3212 11.
