2113 3430
253 213 333 248 212.
369 211 534 247 Oanisius
561 213 596 245 et
621 210 797 244 Henricus
823 208 1027 244 Scribonius
1052 207 1275 242 Ferdinando
1300 207 1327 241 I.
1366 200 1489 241 Mense
1515 205 1604 240 Iulio
1633 203 1733 239 1556.
1794 205 1876 247 647

941 323 1061 365 212.

850 422 1145 470 CANISIUS

980 516 1016 548 et

614 598 936 646 HENRICUS
977 594 1371 653 SCRIBONIUS,

600 691 870 726 administrator
895 687 1169 723 archidioecesis
1196 686 1394 732 pragensis,

720 771 1195 815 FERDINANDO
1229 771 1275 811 Ι.

741 871 866 917 l'raga
891 879 1011 905 mense
1037 866 1128 904 Iulio
1154 867 1247 903 1556.

238 956 293 989 Ex
319 955 513 999 archetypo
552 954 633 998 (2⁰3
662 965 719 998 pp.
748 952 806 997 2),
843 952 936 996 quod
964 950 1128 985 Canisius
1163 952 1197 984 et
1225 949 1429 984 Scribonius
1464 947 1533 993 ipsi
1568 946 1878 991 subscripserunt3

119 1011 153 1043 iu
179 1021 212 1054 p.
239 1011 271 1043 4.
305 1008 375 1042 alia
401 1019 508 1041 manu
543 1007 717 1052 scriptum
745 1008 818 1040 est:
859 1004 1038 1047 „Jesuiter
1064 1016 1106 1037 zu
1132 1004 1237 1046 Prag.
1291 1001 1535 1047 Supplication
1573 1000 1692 1034 1556.“
1748 999 1879 1033 Exstat

117 1063 277 1097 Viennae
303 1062 339 1095 in
364 1061 510 1095 archivo
545 1071 707 1094 camerae
742 1059 879 1093 aulicae
917 1056 1330 1102 (Hofkannner-Archiv,
1362 1055 1496 1089 Archiv
1524 1053 1585 1088 des
1612 1051 1878 1097 gemeinsamen

118 1116 152 1150 k.
179 1116 214 1150 k.
241 1112 662 1157 Finanzininisteriums),
694 1112 892 1155 „Boehmen
919 1112 958 1145 P.
985 1111 1087 1145 Fasc.
1116 1114 1145 1152 ᾖ,
1172 1109 1366 1143 Jesuiten.“

237 1198 325 1239 Reyt'
359 1198 530 1230 rationem
560 1200 788 1239 proponunt,
823 1206 894 1238 qua
920 1206 978 1227 (ces
1008 1194 1182 1236 allenmn,
1216 1203 1237 1225 (ι
1273 1192 1413 1234 colleyio
1439 1191 1611 1233 prayensef
1647 1193 1877 1231 contractum,

118 1252 205 1284 solt-i
223 1252 355 1294 possit,
391 1251 603 1293 eemdemqne
628 1254 775 1293 royant,
810 1254 845 1281 ut
871 1249 1025 1292 quinque
1052 1247 1346 1279 monasterIOrmn
1373 1245 1587 1277 das-errorum
1616 1243 1706 1275 bona
1734 1243 1769 1274 in
1793 1252 1879 1284 pro-

118 1305 225 1344 fanos
253 1315 334 1337 usus
360 1313 524 1336 conversa
544 1303 767 1346 pauperibus
791 1302 1007 1335 scholasticis
1033 1300 1170 1333 alendis
1196 1300 1424 1340 destinentur,
1452 1298 1513 1340 qui
1532 1300 1655 1339 postea
1681 1295 1879 1328 archidioe-

119 1359 203 1390 cesis
223 1358 412 1400 pruyensis
435 1357 630 1389 sacerdotes
653 1356 774 1397 futuri
798 1357 878 1388 sint.

469 1437 746 1479 Serenissime
778 1436 873 1478 Rex
906 1438 950 1477 et
981 1433 1313 1477 clementissime
1347 1431 1528 1474 domine.

236 1515 331 1556 Duo
364 1517 465 1556 sunt
501 1513 807 1568 impedimenta
848 1527 957 1566 quae
989 1511 1226 1564 Collegium
1268 1513 1312 1553 et
1352 1508 1538 1551 studium
1573 1508 1792 1560 pragense
1825 1506 1878 1548 ad

120 1581 161 1623 S.
185 1580 448 1622 Clementem
471 1593 496 1620 a
520 1579 560 1621 S.
583 1580 634 1621 R.
656 1579 712 1621 M.
738 1576 833 1633 [V]
857 1592 993 1632 nuper
1016 1579 1229 1618 eri-ectum
1255 1573 1368 1629 [sic]
1393 1576 1437 1616 et
1458 1573 1580 1615 nobis
1603 1571 1754 1614 deinde
1778 1585 1878 1613 con-

119 1645 329 1687 creditum
362 1644 488 1686 ualde
519 1644 787 1698 perturbant.
846 1643 990 1685 Vnum
1023 1645 1090 1684 est
1123 1642 1174 1683 de
1207 1639 1423 1682 soluendis
1456 1637 1624 1689 debitis,
1659 1651 1768 1690 quae
1799 1650 1878 1690 pro

119 1712 340 1753 structura
357 1708 535 1763 Collegij
555 1708 790 1751 creditores
807 1707 932 1750 multi
950 1709 994 1750 et
1010 1721 1222 1762 pauperes
1239 1706 1331 1747 iure
1348 1718 1424 1746 suo
1442 1703 1689 1746 iamdudum
1710 1703 1876 1756 petunt.

120 1774 196 1817 Cui
227 1774 495 1816 incommodo
528 1773 564 1815 si
596 1774 740 1828 placet
766 1774 807 1816 S.
831 1773 888 1816 M.
913 1773 965 1823 V,
1000 1772 1228 1814 subuenire
1259 1772 1464 1825 poterunt
1492 1767 1772 1817 Zitauienses,
1807 1766 1879 1820 qui

120 1854 216 1881 cum
248 1854 360 1881 nunc
392 1838 536 1881 adsint
568 1838 832 1880 Ratisbonae
848 1839 876 1890 1,
910 1852 994 1880 non
1028 1837 1259 1878 difficulter
1290 1835 1658 1889 permouerentiff,
1697 1834 1745 1873 ut
1778 1845 1878 1873 con-

120 1904 312 1946 sentiant
332 1904 376 1945 in
400 1906 526 1954 2000,
560 1904 630 1945 uel
651 1906 699 1946 ut
721 1903 940 1945 minimum
964 1903 1017 1945 ad
1041 1902 1156 1943 mille
1185 1902 1348 1944 taleros
1370 1899 1519 1942 statim
1542 1900 1689 1940 mutuo
1714 1896 1878 1938 dandos

119 1969 341 2024 praedicto
375 1968 584 2022 Collegio,
618 1969 839 2022 accepturi
871 1968 1023 2010 deinde
1056 1966 1313 2009 solutionem
1346 1979 1401 2006 ex
1432 1963 1554 2005 bonis
1586 1976 1695 2016 quae
1727 1961 1771 2002 in
1804 1961 1877 2003 de-

119 2034 316 2076 cennium
338 2033 656 2083 administrant,
690 2033 942 2087 Monasterij
968 2031 1239 2086 Oybinensis,
1270 2032 1440 2072 tantum
1464 2028 1576 2070 absit
1598 2041 1742 2077 usura,
1768 2040 1877 2080 quae

121 2102 165 2142 et
196 2099 312 2153 ipsis,
348 2102 391 2141 et
413 2098 602 2151 Collegio
626 2098 856 2141 Societatis
884 2098 1016 2140 IESV
1048 2112 1133 2139 non
1165 2096 1303 2150 possit
1334 2109 1418 2136 non
1452 2107 1544 2135 esse
1576 2091 1875 2146 ignominiosa.

236 2164 434 2206 Alterum
468 2163 580 2216 quod
611 2163 833 2217 praeclaro
867 2162 1043 2217 Collegij
1078 2162 1203 2203 huius
1243 2160 1443 2202 instituto
1478 2159 1621 2208 deest,
1664 2157 1719 2198 ad
1751 2156 1876 2198 scho-

118 2228 294 2271 lasticos
326 2228 516 2282 pertinet
548 2241 781 2282 pauperes,
824 2228 893 2281 qui
932 2228 1182 2281 frequentes
1224 2226 1278 2268 ad
1320 2225 1510 2267 scholam
1550 2223 1659 2264 hanc
1692 2221 1874 2274 Regiam

119 2294 352 2344 confluunt,
387 2296 431 2335 et
462 2292 619 2334 ibidem
652 2292 861 2346 frugifere
894 2293 1123 2334 admodum
1150 2293 1327 2346 possent
1358 2288 1539 2338 institui,
1574 2288 1708 2330 donec
1741 2286 1875 2328 sacris

119 2359 337 2400 ordinibus
357 2357 649 2408 iniciarentur,
685 2360 728 2400 et
750 2357 983 2411 Pragensis
1007 2357 1188 2399 diocesis
1223 2354 1321 2409 [sic]
1346 2352 1597 2407 ministerijs
1623 2366 1735 2393 nunc
1758 2353 1875 2393 certe

117 2423 372 2477 necessarijs
405 2422 722 2464 adhiberentur.
776 2423 878 2464 00111
912 2426 1058 2464 autem
1092 2423 1235 2463 obstet
1265 2419 1422 2473 inopia,
1458 2432 1539 2471 quo
1572 2417 1713 2458 minus
1745 2416 1805 2457 illi
1831 2416 1874 2456 in

116 2488 270 2542 studijs
302 2502 593 2542 perseuerare,
628 2490 671 2529 et
704 2487 758 2528 ad
789 2487 958 2541 frugem
992 2486 1230 2541 peruenire,
1265 2487 1524 2536 nostraeque
1558 2485 1602 2524 et
1628 2481 1874 2524 Catholicae

117 2552 338 2594 Ecclesiae
371 2552 588 2593 dcseruire
610 2552 789 2606 possint,
824 2553 1047 2606 praeclare
1071 2552 1122 2593 de
1154 2551 1238 2592 illis
1262 2552 1305 2591 et
1330 2549 1411 2590 hac
1432 2550 1527 2589 tota
1550 2547 1697 2589 schola
1720 2546 1875 2588 mereri

116 2617 332 2660 uidebitur
361 2617 401 2659 S.
426 2618 482 2659 M.
508 2617 559 2659 V.
593 2617 629 2658 si
661 2632 737 2671 pro
760 2618 899 2670 Regia
931 2617 1199 2670 benignitate
1233 2618 1277 2657 et
1308 2614 1472 2668 pietate
1505 2627 1582 2654 sua
1615 2611 1871 2662 consentiat,

116 2686 164 2725 ut
206 2682 250 2724 in
291 2697 413 2723 usum
459 2685 502 2724 et
546 2682 905 2725 sustentationem
951 2696 1187 2736 pauperum
1233 2678 1589 2721 scholasticorum
1632 2676 1873 2718 huiusmodi

117 2749 457 2790 conuertantur‘¹
502 2747 615 2788 bona
659 2747 870 2800 quaedam
916 2747 1165 2789 uacantium
1208 2743 1596 2793 lVlonasteriorum,
1644 2756 1778 2795 quae,
1825 2744 1874 2784 ut

234 2876 247 2889 ²
269 2872 499 2903 coucrtantur
525 2870 652 2902 arc-leet.

235 2977 246 2996 ¹
272 2975 504 3009 Ratisbonam
531 2974 573 3008 ad
601 2974 743 3007 comitia
778 2973 914 3018 imperii
943 2973 1084 3006 venisse
1120 2972 1296 3006 videntur.
1348 2970 1592 3004 Ferdinandus
1627 2969 1771 3003 comitia
1796 2969 1873 3014 ipse

115 3028 256 3072 quidem
274 3039 396 3062 mense
415 3027 513 3061 Iunio
532 3027 687 3060 exordiri
705 3027 867 3067 volebat;
893 3026 955 3060 sed
975 3029 1118 3070 propter
1142 3025 1274 3059 bellum
1298 3024 1533 3066 hungarieum
1552 3022 1711 3056 Viennae
1730 3034 1873 3057 manere

113 3082 261 3123 statuit,
298 3084 332 3115 et
358 3081 528 3114 Albertus
555 3080 597 3114 V.
624 3079 800 3113 Bavariae
827 3080 898 3113 dux
924 3079 1137 3113 Fcrdinandi
1163 3079 1303 3112 nomine
1342 3079 1393 3111 15.
1421 3076 1501 3110 10111
1530 3077 1619 3110 1556
1649 3076 1871 3109 comitiorum

114 3134 255 3169 initium
281 3134 368 3168 fecit
395 3134 476 3177 (Fr.
495 3134 539 3167 J).
559 3134 746 3177 Hfiberlin,
772 3132 928 3166 Neueste
946 3132 1123 3166 'l'eutsche
1142 3129 1506 3166 Reichs-Geschichtc
1533 3129 1581 3162 ΙΙΙ
1609 3128 1727 3173 [Halle
1756 3128 1871 3172 1770]‚
