2113 3430
286 167 347 202 IV.
374 164 533 201 Tabulae
558 160 830 205 chronologicae
855 159 954 194 vitae
981 156 1125 192 Canisii.
1164 155 1250 190 1521
1279 153 1367 189 Maii
1393 153 1426 189 8.
1453 172 1496 177 ——
1526 152 1616 187 1546
1642 151 1717 186 Iun.
1765 165 1914 194 XXXIX

216 282 309 319 1543

218 336 309 371 1543

219 441 310 476 1543

220 494 312 529 1544

221 547 313 583 1544

221 600 313 635 1544

222 653 314 689 1544

224 759 315 794 1544

225 866 318 901 1544

226 972 318 1007 1544

229 1078 320 1112 1544

231 1183 322 1219 1544

233 1289 324 1324 1544

234 1396 326 1431 1544

235 1501 325 1536 1545

236 1607 325 1642 1545

236 1660 326 1695 1545

237 1767 327 1801 1545

238 1926 328 1960 1545

239 2033 328 2067 1545

238 2086 328 2120 1545

226 2336 338 2377 1545

241 2538 330 2572 1545

233 2682 343 2723 1545

243 2977 345 3014 1546

244 3105 334 3140 1546

520 278 600 314 Oct.
627 277 683 312 31.

461 333 548 368 Dec.
576 329 738 366 15.—20.

468 438 554 473 Dec.
583 438 738 471 exeunte

568 491 643 524 Ian.

429 544 496 579 sub
518 544 659 578 initium
676 541 779 576 Feb1.

557 596 653 630 Vere

445 650 512 686 sub
537 649 680 684 initium
706 647 770 682 Iul.

528 755 593 790 Iul.
623 754 676 790 18.

528 861 594 896 Iul.
621 860 677 895 28.

444 969 509 1004 Iul.
529 968 694 1008 exeunte,
716 964 776 1000 vel

562 1021 656 1063 Aug.

563 1074 658 1119 Sept.

485 1175 572 1210 Dec.
600 1174 655 1208 17.
685 1171 735 1216 (2³)

531 1280 616 1315 Dec.
643 1279 699 1313 20.

534 1387 618 1421 Dec.
645 1386 701 1420 25.

577 1493 651 1527 Ian.

473 1599 548 1634 Ian.
574 1598 634 1633 vel
659 1598 762 1633 Febr.

562 1652 665 1686 Febr.

445 1760 600 1794 exeunte
613 1757 720 1800 Maio,
734 1757 794 1792 vel

575 1812 652 1846 Iun.

539 1919 616 1954 Iun.
643 1917 699 1953 26.

557 2024 621 2060 Iul.
649 2024 681 2059 8.

493 2078 558 2113 Iul.
585 2080 622 2113 et
647 2079 739 2122 Aug.

510 2329 623 2382 Aug.
661 2329 728 2371 10.

494 2536 576 2579 post
602 2534 633 2569 9.
661 2533 740 2569 Oct.

450 2681 637 2721 exeunte
667 2678 782 2720 Nov.

485 2743 557 2785 vel
587 2743 764 2786 ineunte

567 2808 670 2850 Dec.

576 2973 670 3022 Apr.

497 3104 584 3148 Apr.
604 3122 647 3126 -
667 3101 743 3135 Iun.

818 275 860 309 In
885 272 1062 308 auditorio
1087 270 1289 315 theologico
1316 269 1360 304 ad
1387 268 1523 303 clerum
1548 267 1660 302 lat-ine
1686 264 1782 301 dicit.

819 328 860 362 In
895 324 1217 371 „disputationibus
1253 321 1524 368 quodlibeticis“
1562 319 1750 355 facultatis
1784 318 1915 354 artium

884 378 1117 423 „declamat“.

820 431 1079 478 Noviomagum
1105 430 1196 476 petit
1222 431 1258 463 et
1283 427 1379 473 patri
1403 426 1570 462 morienti
1595 426 1708 461 adest.

821 487 991 530 Magnam
1016 482 1229 518 hereditatis
1254 484 1392 527 partem
1418 479 1636 525 pauperibus
1662 477 1857 513 distribuit.

823 536 1007 575 Coloniam
1032 536 1135 578 redit,
1162 547 1183 570 a
1208 535 1324 569 Fabro
1349 533 1555 568 arcessitus.

823 591 912 627 Cum
926 591 1039 625 Fabro
1058 591 1095 624 et
1112 589 1192 623 aliis
1211 587 1325 622 Sociis
1344 585 1581 621 communiter
1598 584 1763 619 habitare
1781 583 1917 628 incipit.

823 645 977 680 Senatus
1001 641 1215 678 coloniensis
1249 641 1285 674 in
1312 639 1434 674 Socios
1460 638 1628 683 inquirit,
1668 638 1761 682 quod
1787 647 1918 671 novam

883 699 1020 732 sectam
1045 695 1235 729 instituere
1261 693 1437 728 dicantur.

825 750 991 787 Canisius
1016 749 1053 783 in
1078 747 1253 783 auditorio
1279 745 1481 790 theologico
1516 745 1559 780 de
1595 743 1810 778 auctoritate
1835 754 1921 787 pon-

884 803 992 837 tificis
1016 801 1154 836 romani
1179 801 1351 846 disputat.

826 856 992 892 Canisius
1017 867 1098 890 cum
1125 853 1238 889 Soc-iis
1273 865 1294 887 a
1320 854 1449 887 senatu
1483 851 1570 885 urbe
1606 850 1733 885 cedere
1758 849 1920 890 iubetur;

886 921 988 955 opem
1014 908 1106 954 petit
1131 919 1152 942 a
1177 908 1316 941 rectore
1342 904 1557 940 academiae.

827 963 920 998 Socii
942 957 1142 1007 separatim
1167 960 1332 994 habitare
1357 957 1543 1003 incipiunt.

827 1068 1037 1103 Persecutio
1064 1065 1306 1111 conquiescit;
1335 1064 1501 1099 Camsius
1519 1063 1746 1099 contionatur
1772 1063 1808 1096 et
1831 1061 1924 1095 Mat—

887 1121 985 1156 thaei
1012 1119 1241 1164 evangelium
1267 1119 1537 1163 interpretatur.

828 1176 869 1210 In
893 1173 1018 1209 schola
1043 1173 1175 1208 artium
1211 1171 1489 1217 disputationem
1528 1167 1844 1215 „quodlibeticam'‘
1882 1167 1925 1201 de

888 1226 1108 1273 paenitentia
1133 1225 1253 1260 habet.

830 1282 862 1315 A
899 1281 1030 1315 Ioanne
1068 1279 1218 1324 Nopelio
1256 1278 1423 1323 episcopo
1465 1277 1693 1320 suffraganeo
1731 1273 1926 1309 coloniensi

891 1334 1081 1368 diaconatu
1106 1331 1280 1366 initiatur.

832 1388 872 1421 In
902 1386 1015 1421 natali
1042 1385 1177 1420 Christi
1212 1393 1325 1431 prope
1352 1381 1534 1419 Coloniam
1571 1381 1608 1416 in
1641 1380 1812 1427 parochia
1847 1391 1927 1415 con-

891 1440 1051 1475 tionatur
1076 1441 1112 1473 et
1137 1439 1382 1484 protestantes
1407 1436 1549 1482 publice
1574 1435 1721 1470 refutat.

833 1492 1048 1529 Distelnium
1073 1493 1110 1527 et
1138 1489 1337 1527 Lovanium
1366 1489 1615 1536 proficiscitur.
1665 1486 1815 1522 Lovanii
1846 1496 1928 1520 cum

894 1546 1036 1581 Ruardo
1047 1546 1210 1590 Tappero
1224 1547 1260 1579 et
1272 1544 1352 1578 aliis
1365 1544 1407 1578 de
1419 1541 1675 1577 constitutione
1687 1539 1829 1584 collegii
1841 1539 1928 1583 agit.

836 1597 1003 1635 Coloniae
1027 1599 1158 1633 iterum
1184 1609 1267 1633 cum
1293 1596 1406 1632 Sociis
1430 1608 1501 1630 una
1526 1595 1690 1630 habitare
1715 1593 1851 1638 incipit.

834 1652 966 1698 Incipit
988 1651 1186 1687 contionari
1212 1652 1248 1685 111
1275 1649 1425 1685 basilica
1445 1649 1501 1692 „S.
1518 1648 1656 1683 Mariae
1673 1647 1710 1682 in
1728 1644 1925 1692 Capitoli&

895 1706 1055 1740 sabbatis
1081 1706 1118 1739 et
1143 1703 1329 1739 dominicis
1355 1702 1490 1737 diebus.

836 1756 1084 1803 Vormatiam,
1111 1760 1271 1803 tempore
1296 1756 1539 1797 comitiorum,
1564 1754 1666 1789 venit
1690 1753 1811 1797 ibique
1836 1763 1930 1787 com-

894 1812 1026 1847 mercio
1053 1811 1196 1846 Ottonis
1231 1809 1424 1845 cardinalis
1459 1807 1655 1853 augustani
1688 1808 1725 1842 et
1758 1806 1830 1841 PP.
1865 1805 1930 1840 Iaii

897 1868 933 1900 et
958 1864 1175 1906 Bobadillae,
1202 1863 1236 1898 S.
1263 1864 1308 1906 J.‚
1334 1863 1476 1897 fruitur.

837 1917 1005 1954 Coloniae
1035 1917 1278 1960 „baccalarius
1295 1916 1466 1951 biblicus¹¹
1497 1926 1518 1949 a
1535 1914 1711 1949 facultate
1728 1911 1933 1956 theologica

896 1971 1110 2006 nominatur.

838 2026 878 2060 In
903 2025 1027 2060 schola
1060 2024 1264 2067 theologica
1298 2022 1469 2057 lectiones
1504 2032 1589 2056 suas
1619 2019 1770 2055 biblicas
1795 2018 1932 2063 incipit.

837 2078 997 2123 Singulis
1022 2077 1304 2113 hebdomadibus
1329 2075 1441 2110 semel
1468 2075 1639 2120 disputat,
1664 2075 1721 2108 ter
1741 2071 1933 2117 epistulam

897 2133 942 2166 ad
955 2131 1181 2165 Timotheum
1196 2129 1349 2175 priorem
1363 2129 1399 2163 in
1413 2128 1650 2163 universitate
1664 2126 1934 2170 interpretatur,

897 2185 1002 2220 festis
1028 2185 1154 2219 diebus
1180 2183 1410 2227 evangelium
1433 2181 1468 2216 S.
1487 2181 1664 2216 Matthaei
1689 2179 1726 2214 in
1744 2178 1935 2223 gymnasio

896 2240 1066 2273 montano
1092 2237 1250 2282 exponit.

838 2329 878 2372 A
910 2329 1025 2371 clero
1058 2330 1103 2370 et
1134 2325 1422 2369 universitate
1455 2324 1510 2367 ad
1542 2322 1742 2366 Carolum
1765 2322 1818 2364 V.
1853 2320 1934 2363 Co-

897 2393 1039 2436 loniae
1073 2394 1414 2434 commorantem
1444 2389 1635 2433 mittitur
1667 2387 1722 2430 ad
1756 2399 1932 2429 causam

898 2457 1119 2512 religionis
1152 2456 1391 2500 catholicae
1423 2454 1463 2497 ei
1495 2451 1893 2497 commendandam.

839 2535 880 2569 In
906 2533 1080 2569 auditorio
1116 2531 1361 2578 philosophico
1396 2531 1490 2565 inter
1519 2528 1799 2573 „declamatores
1826 2526 1935 2572 quod—

898 2586 1104 2622 libetarios“
1136 2586 1234 2621 dicit.

841 2679 880 2721 A
913 2678 1026 2721 clero
1069 2680 1114 2720 et
1144 2674 1431 2718 universitate
1461 2673 1505 2715 in
1536 2670 1735 2727 Belgium
1767 2670 1823 2713 ad
1855 2670 1937 2713 Ca-

901 2743 1038 2785 rolum
1066 2743 1118 2785 V.
1150 2744 1195 2784 et
1222 2739 1420 2782 nuntium
1447 2736 1733 2793 apostolicum
1764 2735 1935 2786 missus,

901 2807 1073 2850 litteras
1105 2807 1159 2849 ad
1193 2806 1351 2848 damna
1382 2802 1604 2858 religionis
1634 2800 1938 2857 praecavenda

900 2872 1109 2927 impetrat
1140 2873 1185 2914 et
1217 2871 1358 2913 affert.

843 2973 966 3023 Opera
1000 2972 1038 3009 S.
1069 2971 1205 3021 Cyrillc'
1232 2971 1491 3008 Alexandrini
1524 2970 1640 3006 latine
1670 2979 1775 3006 versa
1810 2971 1937 3005 Colo-

903 3037 1012 3071 m’ae
1041 3032 1128 3068 edit.

841 3099 1101 3146 Noviomagulu
1136 3100 1227 3145 petit
1253 3099 1373 3143 ibique
1398 3097 1599 3133 hereditate
1634 3107 1700 3132 sua
1731 3093 1872 3129 omnino
1898 3103 1938 3126 se

903 3154 1059 3188 abdicat.
