2113 3430
233 190 317 230 154
384 186 438 220 2³2.
467 185 602 220 Paulus
620 186 704 220 Ant.
724 185 766 219 de
784 184 938 220 Achillis
957 185 1099 220 Canisio
1118 185 1319 230 ceterisque
1336 186 1443 221 sociis
1461 187 1573 222 colon.
1600 187 1656 222 29.
1674 187 1767 222 Iunii
1787 188 1888 223 1545.

348 306 551 348 Libenter
582 305 692 346 hane
718 303 1089 358 transcripsissem
1121 304 1197 346 sed
1228 304 1410 346 nuncius
1441 318 1509 347 me
1540 306 1766 360 premebat
1796 306 1891 348 ideo
1924 319 1992 348 me

229 373 485 413 excusatum
527 370 733 422 habetote
775 382 852 423 pro
896 371 1046 411 uestra
1078 368 1289 422 singulari
1319 369 1506 423 piet-ate,
1548 370 1618 412 vel
1659 371 1815 414 saltem
1856 369 1993 425 negli-

228 435 403 488 gentiae
436 437 512 477 aut
543 433 817 488 ignorantiae
849 447 992 485 meae,
1036 434 1071 475 si
1114 434 1214 488 quid
1255 433 1395 476 minus
1435 437 1537 489 apte
1570 449 1697 488 quam
1728 450 1808 491 par
1838 435 1993 478 fuisset

228 499 436 554 scriptum
470 499 537 552 (ut
568 499 705 542 multa
728 513 822 541 esse
853 498 1053 553 possunt)
1086 499 1352 549 inueneritis,
1386 499 1614 542 ascribatis
1645 514 1730 542 non
1761 500 1991 551 voluntati,

229 579 311 618 que
344 568 461 608 certe
493 564 616 606 uobis
647 564 690 606 in
724 563 921 606 omnibus
963 564 1168 617 obsaequi
1209 567 1412 618 prompta
1444 566 1511 606 est
1543 565 1618 607 sed
1649 565 1730 608 hoo
1761 580 1892 607 vnum
1925 579 1993 608 me

229 630 478 672 consolatur
510 629 623 683 quod
655 629 709 671 ad
742 643 819 670 uos
852 628 923 682 qui
955 643 1023 671 me
1057 629 1236 683 diligitis
1268 629 1454 671 scribam
1486 629 1644 672 valete.

347 694 618 736 Charissimis
662 694 704 736 in
750 693 909 736 christo
954 693 1163 736 fratribus
1195 694 1378 736 Domino
1410 694 1541 737 Petro
1584 694 1763 737 Kanisio
1808 695 1993 738 caeteris

227 759 501 802 studentibus
534 759 764 802 Societatis
796 758 980 800 nominis
1011 759 1130 809 Jesu,
1164 759 1377 802 Coloniae.

1064 893 1155 934 23.

572 989 864 1033 BEATUS
897 990 1185 1034 PETRUS
1219 990 1472 1034 FABER
1506 991 1561 1034 S.
1594 991 1651 1034 J.

402 1085 660 1131 ALVARO
702 1085 992 1133 ALFONSO
1032 1086 1110 1132 ET
1150 1086 1355 1133 PETRO
1397 1086 1652 1134 CANISIO
1692 1086 1738 1135 S.
1779 1088 1826 1135 J.

841 1192 1087 1230 Vallisolet0¹
1115 1194 1146 1230 9.
1175 1193 1259 1229 Iulii
1286 1193 1381 1230 1545.

345 1273 399 1308 Ex
432 1273 578 1316 „Cartas
613 1274 670 1309 del
705 1277 746 1309 B.
786 1277 824 1310 P.
852 1277 967 1310 Pedro
994 1278 1135 1311 Fabro“
1166 1277 1201 1319 1,
1237 1276 1436 1311 386-388.
1463 1277 1670 1319 263—267;
1710 1278 1746 1312 in
1781 1290 1871 1322 quas
1906 1278 1995 1313 haec

227 1326 381 1371 epistula
425 1328 645 1373 transcripta
681 1330 737 1363 est
772 1341 816 1363 ex
852 1330 1060 1375 apographo
1095 1330 1138 1364 ab
1179 1330 1387 1364 amanuensi
1422 1330 1461 1364 P.
1499 1330 1649 1366 Oliverii
1688 1331 1850 1366 Manarei
1887 1332 1994 1371 facto,

227 1379 318 1423 quod
346 1383 452 1415 antea
478 1381 611 1416 Romae
637 1382 673 1416 in
700 1382 847 1416 archivo
875 1383 1065 1418 societatis
1092 1384 1359 1418 asservabatur.

344 1433 434 1468 Pars
464 1434 673 1478 (‚Legimus
708 1437 849 1470 omnes“
880 1457 925 1460 —
956 1436 1059 1478 „alibi
1085 1437 1174 1471 bene
1200 1437 1371 1481 habere‘)
1410 1437 1527 1482 posita
1563 1440 1618 1472 est
1654 1449 1674 1472 a
1712 1439 1906 1482 Sacclez'no,
1942 1438 1994 1473 De

227 1486 302 1520 vita
338 1486 471 1521 Canisii
505 1500 538 1533 p.
575 1488 734 1529 33—35‚
771 1491 807 1523 et
842 1489 886 1523 ab
922 1491 1080 1524 Henrico
1116 1491 1273 1524 Simonis
1306 1491 1343 1524 in
1378 1491 1453 1525 cod.
1490 1490 1601 1524 colon.
1639 1491 1751 1533 „Hist.
1789 1491 1868 1526 coll.
1896 1491 1988 1526 Colf

226 1540 250 1573 f.
280 1539 466 1581 12¹·—13³;
502 1541 565 1575 sed
600 1541 658 1576 hio
692 1542 754 1576 illa
789 1543 901 1577 verba
937 1555 981 1577 ex
1016 1543 1092 1588 ipso
1120 1543 1294 1578 Saochino
1325 1543 1559 1588 descripsisse
1587 1547 1623 1578 et
1648 1544 1809 1579 nonnihil
1835 1548 1995 1580 mutasse

226 1593 380 1628 videtur.
431 1594 565 1628 Eadem
592 1595 666 1629 fere
692 1598 889 1640 posuerunt
918 1597 1152 1642 orlandinus,
1177 1598 1411 1641 Reiffenber97
1438 1599 1539 1631 Riess
1565 1599 1632 1632 ete.

349 1677 515 1719 Ostendit,
541 1688 646 1720 quam
668 1679 841 1711 immerito
861 1678 958 1711 Socii
976 1690 995 1711 a
1020 1678 1285 1711 Colonieusibtm
1306 1680 1401 1712 vetiti
1418 1680 1489 1712 sim*
1508 1681 1545 1712 in
1564 1680 1680 1712 eadem
1701 1680 1801 1712 domo
1820 1680 1992 1713 habitare.

226 1730 298 1762 Pro
315 1741 378 1763 sao
398 1731 435 1762 in
458 1730 677 1763 Colonienses
695 1741 816 1763 amore
834 1742 888 1764 eos
909 1731 1076 1765 Coloniae
1094 1734 1284 1776 persistere
1301 1733 1383 1774 vult,
1412 1734 1513 1765 etiam
1534 1744 1609 1765 cum
1629 1734 1830 1766 studiorum
1846 1743 1993 1766 snorum

226 1783 443 1826 ‹lis-erimine,
472 1785 542 1816 nisi
569 1784 785 1817 oboedientia
813 1785 914 1817 alind
942 1786 1093 1819 iusserit.
1130 1787 1244 1828 Aeyre
1268 1786 1339 1827 fert
1358 1786 1396 1819 P.
1420 1786 1624 1819 Cornelium
1642 1787 1871 1819 Ve'sltcccaenm
1891 1797 1993 1820 ewor-

227 1838 346 1869 css—tam
377 1848 489 1879 assere.
541 1837 672 1870 Multos
698 1839 830 1870 aulicos·
857 1840 1067 1871 nominatim
1092 1839 1234 1872 salutat.

1021 1937 1194 1980 Jhesus.

744 2012 993 2054 Charissimi
1024 2013 1067 2055 in
1100 2013 1268 2057 Christo
1301 2014 1475 2057 fratres.

347 2087 498 2130 Gratia
531 2091 575 2131 et
605 2103 694 2143 pax
727 2089 967 2132 Salvatoris
1009 2090 1145 2132 nostri
1187 2090 1245 2133 sit
1286 2105 1456 2145 semper
1497 2092 1539 2132 in
1581 2091 1780 2134 cordibus
1822 2091 1991 2135 vestris.

345 2166 435 2206 Aut
468 2179 579 2207 nunc
611 2164 716 2206 nihil
748 2165 921 2208 omnino
954 2167 1228 2209 scribendum
1269 2167 1371 2208 mihi
1405 2171 1472 2210 est
1504 2168 1559 2210 ad
1591 2182 1683 2219 vos,
1717 2171 1793 2211 aut
1824 2168 1991 2222 paucis-

227 2229 346 2270 simis
388 2230 531 2271 verbis
573 2231 801 2284 agendum.
865 2231 1071 2274 Cursores
1111 2235 1290 2287 propter
1321 2247 1480 2275 novum
1512 2232 1799 2287 Principissae
1831 2233 1991 2287 Hispa-

227 2294 393 2336 niarum
426 2298 599 2349 partum
631 2295 892 2346 festinant&
935 2300 979 2340 et
1020 2312 1100 2350 ego
1144 2300 1272 2340 extra
1313 2297 1531 2352 propriam
1572 2298 1905 2349 habitationem,
1946 2298 1990 2340 id

228 2362 315 2410 est,
358 2360 402 2401 in
444 2360 621 2402 aedibus
653 2361 1018 2404 Reverendissimi
1050 2363 1100 2405 D.
1135 2362 1292 2404 Nunoii
1324 2363 1477 2416 Poggii
1519 2363 1634 2405 aliud
1671 2365 1867 2413 acturus,
1910 2363 1992 2405 hac

226 2425 333 2467 hora
365 2425 526 2468 invitor
558 2426 612 2467 ad
636 2426 928 2476 seribendum;
963 2428 1039 2469 sed
1070 2428 1183 2470 malo
1217 2427 1378 2481 aliquid
1411 2442 1539 2481 quam
1571 2427 1676 2469 nihil
1707 2427 1909 2479 scribere,
1943 2432 1991 2471 ut

227 2490 382 2532 saltem
415 2490 591 2533 discatis
623 2505 691 2532 me
724 2495 767 2534 et
796 2493 847 2534 D.
872 2492 1165 2535 Licenciatum
1188 2493 1329 2534 Araoz
1353 2507 1448 2534 oum
1471 2492 1658 2546 quinque
1683 2492 1778 2535 aliis
1800 2493 1988 2536 instituti

227 2555 363 2598 nostri
404 2555 630 2598 iuvenibus
671 2556 779 2598 bone
819 2557 979 2599 habere
1021 2560 1064 2600 et
1106 2558 1215 2599 bene
1257 2559 1428 2610 εις-9193.
1492 2558 1686 2600 Litterae
1717 2561 1892 2600 vestrae
1933 2559 1987 2600 ad

227 2634 379 2662 manus
420 2624 593 2663 nostras
634 2621 808 2663 tandem
851 2622 1080 2675 aliquando
1122 2636 1361 2677 pervenere
1402 2625 1492 2665 tam
1533 2625 1687 2676 gratae
1726 2622 1827 2664 illae.
1859 2637 1987 2676 quam

228 2685 512 2729 desideratae.
576 2685 833 2740 Accepimus
865 2687 1050 2741 primum
1081 2687 1336 2730 fasciculum
1368 2687 1509 2738 illum,
1553 2687 1623 2742 qui
1655 2691 1804 2730 ternas
1836 2701 1862 2729 a
1894 2688 1987 2730 Ma-

350 2855 357 2872 ¹
388 2852 586 2887 Vallisoleti
605 2857 689 2888 tunc
709 2855 791 2888 aula
809 2854 975 2899 Philippi,
1003 2855 1256 2899 Hispaniarum
1276 2855 1446 2900 principis
1467 2855 1607 2900 (postea
1625 2855 1781 2900 Philippi
1800 2855 1842 2889 II.
1862 2854 1987 2898 regis),

227 2906 262 2938 et
290 2917 368 2938 culn
396 2918 435 2939 va
467 2906 613 2941 loannes
640 2908 816 2951 Poggius,
844 2908 991 2942 nuntius
1017 2908 1254 2953 apostolicus,
1281 2909 1530 2949 morabantur;
1570 2908 1615 2943 cf.
1644 2908 1770 2942 Cartas
1797 2907 1853 2941 del
1879 2908 1920 2941 B.
1950 2909 1986 2941 P.

230 2959 343 2991 l'edro
371 2959 489 2991 Fam-0
518 2960 541 2996 Ι,
569 2960 647 2994 258.

347 3010 360 3030 ²
386 3011 509 3051 Maria,
540 3012 692 3057 l’hilippi
719 3025 819 3054 uxor,
847 3014 876 3047 «Q.
907 3014 984 3047 Iulii
1014 3015 1103 3048 1545
1132 3014 1296 3048 Carolum
1323 3014 1436 3048 filium
1462 3015 1660 3059 pepererat.

348 3064 360 3082 ³
385 3063 497 3097 Faber
524 3069 557 3097 et
585 3065 623 3098 P.
644 3067 818 3100 Antonius
839 3068 951 3100 Amoz
981 3066 1039 3109 (de
1067 3078 1134 3110 quo
1161 3067 1269 3105 infra)
1298 3067 1422 3112 paucis
1448 3066 1630 3100 mensibus
1657 3067 1740 3099 ante
1766 3065 1987 3100 advenerant

228 3115 498 3157 Vallisoletuni,
536 3129 580 3151 ex
616 3130 655 3152 ea
692 3119 791 3161 regni
823 3120 906 3153 sedo
933 3120 1069 3153 aditum
1097 3119 1292 3164 Hispaniae
1318 3120 1487 3154 societati
1514 3118 1730 3164 patefacturi
1761 3118 1904 3161 (Cartas
1931 3119 1985 3153 del

227 3170 268 3202 B.
299 3170 335 3202 Ι).
365 3170 478 3202 Pero-0
505 3171 624 3203 fabro
656 3172 676 3207 Ι,
705 3172 901 3206 2ῗ)7-2()’ἰ·ἒ.
958 3174 1180 3205 Orlamliuus
1205 3172 1226 3207 1.
1255 3186 1283 3206 c.
1311 3173 1332 3206 l.
1361 3174 1392 3213 5,
1419 3184 1451 3206 n.
1480 3171 1647 3214 59-61).
