2113 3430
188 212 274 251 472
728 204 806 238 153.
843 203 1007 238 Canisius
1032 203 1156 237 loanni
1182 203 1225 237 de
1251 203 1406 238 Polanco

186 339 337 380 parum
370 322 532 376 negotii
564 322 787 364 facessunt
818 320 1000 370 nostris,
1040 333 1150 373 qua-e
1183 320 1366 374 primum
1399 320 1442 361 in
1474 320 1638 362 alienas
1671 320 1951 373 desertasque

185 390 309 431 sedes
340 387 686 440 immigrantibus
719 385 922 428 obvenire
955 385 1096 427 solent
1113 386 1140 427 1.
1198 385 1406 438 Magnum
1437 384 1634 438 profecto
1676 384 1866 427 fructum
1906 384 1950 425 in

186 454 349 496 vicinas
389 452 576 505 undique
616 451 862 506 provincias
904 464 959 492 ex
991 449 1070 491 1100
1103 449 1294 502 Collegio
1326 449 1570 491 transfundi
1612 463 1738 504 posse
1771 449 1950 498 confido,

185 518 221 560 si
254 517 461 559 Dominus
494 530 571 571 pro
603 530 682 558 sua
713 515 757 557 in
790 529 894 557 oves
927 517 1123 556 errantes
1155 514 1350 556 bonitate
1377 514 1500 555 novis
1531 514 1697 556 favebit
1729 514 1950 569 operariis.

187 584 243 624 In
276 583 450 624 medio
482 581 732 624 nationis
763 580 1005 635 pravae2
1037 593 1276 630 versamur,
1310 579 1425 621 haud
1447 593 1571 621 secus
1593 593 1720 632 quam
1743 580 1786 621 in
1809 579 1952 622 aedito

186 649 312 690 loco3
353 650 398 689 et
429 647 483 689 ad
526 647 697 689 clavum
738 646 901 700 ipsum,
944 659 1026 698 quo
1060 644 1189 686 vicini
1230 644 1529 697 gubernantur
1567 645 1735 698 populi,
1777 645 1953 699 pulchre

187 712 425 756 constituti.
488 713 673 765 Jamque
705 725 784 753 nos
818 711 914 752 hinc
947 712 1133 752 evocant
1164 709 1338 759 Poloni,
1374 709 1561 762 Ungari,
1595 709 1756 759 Boemi,
1791 709 1951 753 Prussi.

186 778 373 827 Bavari‚
418 777 608 830 nihilque
654 776 705 818 de
748 776 832 818 fide
875 778 919 818 et
963 774 1215 817 sinceritate
1259 777 1408 816 nostra
1454 774 1677 824 dubitant,
1722 777 1951 828 postquam

186 846 416 897 tantopere
449 857 526 884 nos
559 842 669 895 Regi
711 841 1013 896 comprobatos
1046 853 1141 882 esse
1183 842 1462 892 cognoscunt.
1526 839 1575 880 Id
1613 839 1725 892 quod
1757 853 1837 892 ego
1869 853 1954 880 non

186 911 279 951 tam
310 908 352 950 in
385 908 556 949 laudem
588 910 857 955 nostrorum,
901 919 1029 959 quam
1062 905 1114 947 ad
1149 904 1365 947 cautelam
1397 904 1598 954 dixerim,
1641 906 1689 946 ut
1720 903 1761 945 in
1796 904 1954 946 consti-

187 974 348 1017 tuendo
371 973 449 1014 hoc
471 972 707 1014 Viennensi
739 971 920 1025 collegio
954 985 1101 1012 curam
1135 973 1180 1012 et
1206 969 1475 1022 diligentiam
1497 969 1700 1011 adhibere
1721 968 1955 1010 maximam

188 1039 345 1081 velitis.
410 1038 588 1080 Utinam
621 1038 754 1079 semel
787 1038 869 1079 huc
901 1035 1102 1078 mittatur
1134 1034 1415 1077 Reverendus
1446 1034 1494 1076 P.
1528 1034 1701 1087 Laijnez
1735 1036 1778 1075 et
1810 1047 1955 1076 coram

189 1117 274 1145 non
306 1103 453 1145 videat
494 1103 641 1153 modo,
684 1103 760 1144 sed
793 1102 923 1144 etiam
957 1101 1155 1143 consulat
1185 1100 1229 1141 in
1261 1099 1470 1149 medium,
1514 1113 1626 1152 quae
1657 1099 1712 1141 ad
1749 1098 1954 1140 maiorem

190 1168 378 1210 omnium
409 1168 652 1223 profectum
683 1168 827 1210 facere
858 1169 1050 1222 possent.
1101 1166 1261 1208 Gratus
1294 1167 1410 1207 esset
1432 1163 1639 1218 Hispanis
1661 1163 1953 1213 vehementer,

190 1237 234 1276 et
264 1233 308 1275 hi
339 1235 431 1275 tum
464 1233 507 1274 in
540 1234 640 1275 aula
671 1233 858 1286 Regis4‚
901 1235 992 1274 tum
1025 1231 1070 1273 in
1100 1230 1266 1273 familia
1297 1229 1373 1271 filii
1404 1228 1691 1271 Maximiliani
1730 1231 1831 1271 sunt
1868 1228 1955 1270 fre-

190 1302 393 1352 quentes;
434 1299 486 1340 de
518 1298 792 1352 assignandis
824 1296 1014 1350 Collegio
1046 1296 1256 1338 reditibus
1289 1295 1416 1337 facile
1449 1294 1724 1336 concluderet
1756 1293 1954 1337 tandem:

190 1364 408 1406 conferret
440 1364 661 1406 nobiscum
694 1364 746 1405 de
780 1363 866 1414 his,
901 1376 1010 1416 quae
1043 1360 1253 1403 conscribi
1286 1360 1383 1402 Rex
1414 1360 1660 1414 postulat53
1703 1359 1745 1400 in
1778 1358 1955 1400 summis

191 1500 270 1523 cum
297 1488 418 1522 fructu
444 1490 651 1525 versantur.
686 1487 785 1522 licite
812 1489 848 1521 et
872 1487 983 1521 libere
1010 1486 1184 1522 retinere.
1224 1487 1259 1519 et
1286 1484 1424 1527 integre
1452 1483 1601 1529 posthac
1628 1483 1811 1528 possidere
1835 1494 1956 1516 mona-

191 1541 340 1575 sterium
375 1541 414 1575 B.
451 1540 631 1585 Virginis,
670 1540 815 1575 Ordinis
852 1539 1118 1579 Carmelitani“,
1154 1537 1360 1571 viennense.
1416 1536 1535 1578 ,Quod
1570 1538 1667 1570 certe
1700 1535 1957 1569 monasterium

191 1594 318 1628 iisdem
343 1594 516 1628 fratribus
541 1594 793 1628 serenissimus
818 1605 884 1627 rex
911 1591 1132 1635 assignavit,
1168 1593 1359 1636 postquam
1394 1589 1576 1624 seculares
1607 1589 1736 1622 ibidem
1765 1600 1846 1622 cum
1872 1600 1956 1622 uxo-

191 1648 289 1681 ribus
315 1647 497 1688 habitare,
534 1659 574 1681 ac
609 1659 751 1681 sacrum
786 1646 904 1680 locum
930 1646 1120 1691 profanare
1146 1644 1367 1689 coepissent,
1407 1646 1441 1677 et
1477 1655 1557 1677 cum
1592 1645 1694 1687 pater
1720 1641 1958 1675 provincialis

193 1701 351 1735 eiusdem
379 1700 524 1735 Ordinis
551 1700 824 1734 Carmelitarum
860 1699 1004 1744 saepius
1038 1699 1083 1732 ad
1118 1697 1185 1732 1100
1218 1699 1367 1740 rogatus
1393 1698 1429 1730 et
1454 1695 1648 1740 requisitus
1674 1706 1695 1729 a
1729 1694 1956 1729 serenissimo

192 1765 277 1797 rege
303 1754 421 1788 nullos
447 1754 579 1788 fratres
605 1766 645 1788 eo
671 1754 815 1788 mittere
844 1753 962 1797 (tanta
988 1754 1044 1786 est
1071 1751 1220 1797 penuria
1247 1749 1419 1784 eiusmodi
1437 1749 1699 1793 Religiosorum
1725 1748 1761 1782 in
1778 1750 1854 1782 tota
1873 1748 1957 1782 Ger-

194 1807 328 1851 mania)
357 1810 392 1841 et
419 1807 464 1842 ad
489 1807 625 1842 cultum
653 1807 814 1841 divinum
840 1807 970 1840 ibidem
997 1805 1241 1850 peragendum
1268 1804 1393 1837 adesse
1420 1803 1582 1837 curaret·⁴
1615 1802 1720 1845 (Acta
1745 1803 1956 1835 Sanctorum

193 1860 215 1894 1.
244 1872 273 1895 c.
300 1872 333 1905 p.
361 1861 440 1896 500.
484 1860 612 1895 Cartas
638 1861 681 1895 de
709 1862 782 1895 San
812 1861 957 1903 Igflzaeio
983 1859 1027 1899 V,
1054 1858 1151 1901 588).

317 1914 419 1948 ¹Die
455 1914 510 1949 24.
546 1914 633 1948 Maii
670 1914 760 1948 1554
795 1914 831 1947 in
865 1912 1123 1946 monasterium
1155 1910 1243 1945 illud
1279 1909 1524 1953 immigratum
1560 1920 1638 1943 esse
1678 1908 1789 1942 refert
1828 1909 1960 1942 300110)-

198 1967 234 2007 (l.
263 1979 290 2001 c.
327 1980 359 2012 p.
386 1967 461 2011 48).
512 1968 690 2002 Polancus
725 1967 781 2000 21.
809 1966 889 2000 Iulii
919 1966 1009 1999 1554
1043 1966 1156 1999 Roma
1191 1963 1312 1998 comiti
1348 1963 1390 1997 de
1416 1962 1542 1996 Melito
1577 1961 1703 1996 scribit
1737 1961 1773 1995 in
1810 1960 1959 2004 collegio

195 2020 383 2055 viennensi
410 2022 454 2055 30
480 2021 556 2055 fere
583 2021 704 2055 Socios
731 2031 809 2054 esse
839 2019 984 2063 (Cartas
1010 2019 1053 2052 de
1080 2020 1153 2051 San
1184 2018 1329 2060 Iynaezsso
1356 2015 1415 2057 IV,
1442 2015 1540 2059 233).

315 2074 328 2094 ²
354 2074 447 2108 Phil.
475 2074 505 2115 2,
536 2076 588 2108 15.
713 2074 726 2093 3
753 2073 805 2107 Cf.
832 2072 962 2107 Matth.
990 2073 1021 2112 5,
1051 2072 1104 2106 14.
1227 2072 1239 2090 4
1266 2069 1512 2103 Ferdinandus
1535 2069 1560 2102 I.
1588 2069 1624 2102 in
1650 2067 1825 2113 Hispania
1852 2068 1960 2101 natus

196 2130 273 2161 erat
299 2129 335 2161 et
360 2127 623 2162 Ferdinandum
654 2126 926 2170 „catholicum“‚
954 2125 1150 2170 Hispaniae
1177 2135 1310 2166 regem,
1338 2134 1446 2156 avum
1472 2121 1638 2156 habebat.

316 2182 329 2201 ⁵
354 2181 601 2215 Ferdinandus
627 2181 652 2214 Ι.
687 2180 819 2214 litteris
853 2179 993 2213 Vienna
1022 2179 1076 2212 15.
1104 2177 1257 2211 Ianuarii
1296 2176 1387 2210 1554
1421 2187 1441 2209 a
1468 2175 1501 2209 S.
1528 2175 1670 2219 Ignatio
1705 2174 1827 2219 petiit,
1865 2175 1905 2207 ut
1941 2184 1960 2206 a

201 2234 335 2274 „doctis
361 2233 541 2278 aliquibus
568 2234 674 2268 viris“
702 2233 902 2273 Societatis‚
934 2232 1086 2274 „Romae
1113 2230 1386 2270 existentibus“,
1418 2228 1684 2273 „compendium
1703 2226 1847 2271 aliquod
1864 2226 1960 2260 theo-

197 2287 332 2330 logiae¹‘
372 2287 665 2322 conscribendum
697 2288 858 2327 curaret,
899 2285 1012 2329 ⁷,quod
1047 2287 1121 2318 tam
1157 2283 1414 2318 ecclesiasticis
1449 2293 1556 2326 quam
1591 2280 1813 2315 secularibus
1847 2279 1962 2313 instar

198 2340 344 2384 regulae
371 2343 407 2375 et
432 2352 576 2375 normae
603 2342 718 2381 esset,
754 2340 897 2383 levique
923 2339 1038 2384 pretio
1065 2338 1109 2371 ab
1136 2337 1300 2371 omnibus
1327 2335 1439 2370 coemi
1465 2335 1620 2379 posset“.
1672 2333 1715 2366 Se
1755 2334 1961 2366 curaturum

204 2394 309 2435 „illud
336 2394 478 2428 statim“
510 2394 669 2428 Viennae
701 2393 817 2438 „typis
843 2392 991 2426 excudi⁴⁴
1022 2393 1057 2425 et
1082 2403 1151 2425 non
1178 2390 1293 2424 solum
1320 2389 1355 2422 in
1381 2388 1565 2423 academia
1591 2386 1800 2427 viennensi,
1835 2386 1899 2419 sed
1925 2387 1961 2418 et

200 2459 262 2491 per
287 2459 398 2491 regna
424 2458 489 2481 sua
513 2447 685 2489 ,docet-st,
712 2446 923 2491 praesertim
943 2457 1029 2479 vero
1047 2455 1191 2489 operam
1210 2443 1388 2481 daturum,
1419 2443 1477 2483 ,ut
1497 2440 1557 2474 illo
1576 2439 1720 2484 parochi
1740 2438 1962 2482 aliarumque

201 2500 432 2534 ecclesiarum
458 2504 617 2534 rectores
643 2500 678 2533 in
704 2499 917 2544 provinciis“
949 2498 1024 2532 suis
1049 2498 1247 2531 uterentur.
1298 2494 1541 2528 Deliberatum
1569 2493 1710 2537 quidem
1745 2492 1812 2526 sibi
1850 2491 1963 2525 fuisse

202 2554 235 2587 id
261 2565 349 2598 opus
375 2554 556 2588 nonnullis
575 2553 765 2587 Societatis
794 2552 1051 2594 ⁷,doctoribus'ss
1084 2550 1137 2592 ,111
1157 2548 1340 2583 academia
1358 2547 1553 2581 Viennensi
1572 2545 1844 2586 existentibus“‚
1872 2555 1963 2578 com—

200 2607 361 2647 mitte1·e;
388 2608 451 2641 sed
477 2618 514 2641 se
541 2606 765 2649 cognovisse,
796 2617 876 2648 „eos
902 2606 937 2638 in
964 2604 1067 2638 vinea
1096 2602 1235 2637 Domini
1261 2604 1362 2635 tanta
1388 2600 1582 2635 sedulitate
1609 2599 1698 2633 alias
1725 2597 1963 2643 praelegendo

202 2663 237 2693 et
263 2660 438 2701 docendo,
473 2662 546 2694 tam
573 2660 608 2693 10
634 2659 767 2693 scholis
794 2670 900 2702 quam
935 2657 971 2691 in
1006 2659 1182 2700 suggestu
1217 2655 1399 2695 laborare.
1434 2654 1527 2697 quod
1562 2655 1662 2686 tanto
1697 2651 1795 2696 operi
1828 2651 1963 2694 absque

202 2713 385 2757 dispendio
412 2716 447 2747 et
473 2713 729 2758 discipulorum
756 2723 900 2745 suorum
927 2714 963 2745 et
989 2709 1175 2744 christiani
1202 2708 1334 2752 gregis,
1373 2718 1504 2741 vacare
1529 2706 1776 2749 nequaquani“
1806 2705 1963 2749 possent.

206 2766 365 2805 ignatius
392 2766 502 2800 Homa
529 2767 583 2800 27.
612 2765 795 2800 Februarii
823 2765 914 2799 1554
939 2764 1016 2807 regi
1042 2763 1246 2807 rescripsit:
1284 2761 1372 2795 Post
1406 2759 1719 2804 quadragesimam
1754 2767 1880 2791 manus
1911 2755 1963 2788 illi

204 2820 299 2863 operi
328 2820 460 2854 Romae
487 2820 668 2853 admotum
695 2819 749 2853 iri.
804 2818 900 2860 „Non
928 2816 1233 2851 dissimulabimus
1259 2817 1391 2853 tamen,
1419 2813 1511 2857 quod
1538 2812 1723 2852 exactius,
1750 2821 1792 2844 ac
1818 2807 1962 2853 proinde

206 2872 342 2905 doctius
370 2876 403 2906 ct
431 2873 632 2909 difficilius.
659 2873 804 2906 videtur
829 2883 917 2916 opus
943 2869 1186 2905 necessarium
1213 2879 1314 2907 esse,
1340 2870 1380 2901 ut
1406 2866 1566 2899 Viennae
1592 2876 1611 2899 a
1639 2862 1852 2906 Theologiae
1878 2861 1963 2894 Pro-

207 2925 401 2958 sessoribus
428 2926 667 2970 praelegatur,
695 2936 812 2969 quam,
838 2927 879 2958 ut
904 2925 938 2958 in
966 2922 1160 2968 provinciis
1186 2933 1206 2956 a
1227 2921 1431 2955 curionibus
1450 2921 1485 2953 et
1504 2917 1735 2952 ecclesiarum
1755 2914 1962 2953 rectoribus,

207 2978 265 3020 qui
294 2989 416 3021 parum
445 2979 571 3012 cruditi
597 2990 704 3023 saepe
731 2989 809 3012 esse
836 2977 969 3017 solent,
1006 2977 1039 3010 in
1076 2975 1240 3009 manibus
1276 2974 1460 3007 habeatur.
1512 2971 1768 3005 Verumtamen
1801 2967 1963 3010 utrisque

207 3030 271 3063 hoc
299 3042 405 3073 opus,
440 3032 554 3074 quoad
583 3033 658 3065 eius
685 3031 760 3065 fieri
794 3031 944 3075 poterit,
981 3031 1220 3073 attemperare
1248 3055 1254 3061 .
1284 3055 1289 3061 .
1319 3055 1324 3060 .
1354 3054 1361 3061 .
1389 3025 1582 3059 enitemur“
1617 3023 1721 3065 (Acta
1749 3022 1960 3054 Sanctorum

211 3082 287 3115 Iulii
329 3082 390 3115 Vll
427 3083 590 3125 [l'arisiis
628 3087 662 3118 et
699 3084 830 3118 Romae
870 3082 992 3126 1868],
1031 3082 1109 3116 508.
1154 3082 1282 3115 Cartas
1317 3079 1359 3113 de
1395 3080 1468 3112 Nan
1498 3078 1642 3120 Jynace’o
1668 3073 1728 3114 IV,
1765 3072 1961 3107 501—503.

209 3134 425 3172 4:57—-438l,
461 3136 560 3170 11300
582 3137 709 3179 ignatii
736 3137 1005 3182 promissionem
1030 3135 1098 3169 sibi
1123 3133 1367 3177 gratissimam
1386 3130 1559 3165 accidisse
1578 3126 1822 3161 Ferdinandus
1848 3125 1963 3159 eidem

210 3187 429 3229 significavit
455 3188 613 3222 ¹“litteris
639 3190 777 3223 Vienna
805 3190 835 3223 Τ.
863 3189 948 3222 Maii
978 3189 1067 3222 1554
1093 3187 1198 3227 datis,
1225 3197 1315 3230 quae
1343 3184 1545 3218 etiamnunc
1571 3179 1663 3225 apud
1690 3190 1754 3213 nos
1779 3182 1874 3213 sunt.
