2113 3430
209 213 293 254 358
837 209 913 245 110.
950 209 1116 244 Canisius
1143 209 1176 244 S.
1203 210 1354 254 Ignatio.

1026 326 1137 367 110.

942 422 1238 469 CANISIUS

764 519 1044 563 SANCTo
1078 519 1406 564 IGNATlo.

797 617 1025 664 Ingolstadio
1052 618 1108 654 30.
1135 617 1275 665 Aprilis
1301 618 1386 655 1551.

323 700 377 735 Ex
405 701 610 747 apographo
636 701 791 743 recenti,
816 713 931 746 nuper
957 701 1088 735 collato
1116 713 1195 736 eum
1223 701 1378 747 epistula
1405 701 1647 747 autographa,
1683 704 1797 748 posita
1828 705 1864 739 in
1891 706 1966 740 cod.

208 754 358 799 „Epistt.
384 754 424 789 Β.
451 755 550 789 Petri
579 754 776 789 Canisii1.“
807 766 839 800 p.
860 755 946 795 3193
975 754 1152 789 Polancus
1178 755 1213 788 in
1240 766 1281 789 ea
1307 766 1420 800 pauca
1448 755 1623 799 quaedam
1648 757 1803 791 mutavit.
1820 759 1848 799 ¹;
1876 770 1969 803 quae

203 807 297 842 infra
323 808 398 842 suis
424 807 512 842 loeis
538 810 792 853 proponentur.

322 861 578 906 Apographum
606 861 811 905 antiquum,
850 861 963 895 Roma
991 861 1032 895 ad
1061 860 1182 895 Socios
1208 861 1379 905 hispanos
1413 861 1583 903 missum,
1622 864 1743 896 exstat
1769 863 1804 897 in
1838 864 1969 906 „Varia

202 913 381 948 Historia*
411 918 437 948 t.
467 916 495 956 1,
522 915 546 948 f.
574 915 654 949 208.
681 914 760 956 209,
788 914 941 948 alterum
969 926 989 948 a
1015 913 1054 948 P.
1082 914 1264 949 Bernardo
1291 913 1450 949 Oliverio
1478 913 1511 949 S.
1540 915 1573 949 J.
1604 915 1639 958 (†
1659 914 1766 959 1556)
1794 917 1967 962 scriptum

201 966 236 1001 in
263 967 332 1001 alio
359 968 479 1002 codiee
505 967 699 1012 hispanico.

322 1021 376 1054 Ex
402 1020 468 1055 hac
496 1021 651 1066 epistula
676 1020 790 1055 multa
816 1020 860 1055 ad
887 1021 1037 1055 verbum
1064 1021 1332 1066 descripserunt
1359 1022 1554 1065 Polancus,
1584 1021 1782 1056 Chronicon
1808 1022 1861 1063 II,
1887 1022 1968 1065 264,

201 1077 235 1107 et
264 1074 470 1117 Saeeliinus,
498 1073 582 1108 Can.
610 1086 643 1119 p.
671 1074 822 1109 56—59.
874 1073 965 1108 Pars
991 1086 1043 1115 ea,
1071 1085 1162 1118 quae
1189 1074 1228 1108 P.
1259 1074 1446 1109 Claudium
1473 1074 1586 1109 laium
1612 1077 1763 1119 spectat,
1791 1075 1886 1110 edita
1913 1078 1970 1110 est

201 1139 220 1161 a
247 1128 382 1172 Boero,
417 1128 490 1161 Iaio
526 1140 557 1172 p.
591 1127 790 1162 240—242.
842 1127 1045 1161 Particulas
1081 1127 1257 1172 epistulae
1292 1130 1488 1172 posuerunt
1524 1127 1631 1162 etiam
1667 1129 1713 1162 K.
1755 1129 1968 1172 Germanus,

203 1180 590 1215 Heformatorenbilder
623 1193 657 1226 p.
686 1181 770 1222 306,
806 1183 843 1215 et
872 1182 1021 1214 Gothein
1056 1180 1080 1215 l.
1114 1192 1142 1215 0.
1178 1193 1212 1226 p.
1239 1180 1318 1216 687.
1370 1180 1459 1215 Tota
1495 1181 1649 1226 epistula
1682 1181 1835 1226 primum
1871 1181 1969 1216 edita

200 1238 255 1268 est
281 1234 316 1268 in
345 1236 516 1277 „Litteris
543 1235 882 1278 ‹Jucalrimestribus“
912 1234 939 1275 I,
966 1234 1166 1268 280—286.

318 1316 505 1359 (Epistula
533 1314 882 1359 „quadrimestris“.)
933 1316 971 1349 P.
1003 1316 1176 1349 Claudius
1203 1317 1303 1349 [aius
1329 1321 1463 1360 (planta
1492 1318 1528 1349 in
1565 1318 1715 1350 comitiis
1751 1319 1963 1360 (cuyustam's

194 1371 426 1412 praestiterit,
454 1370 630 1412 imprimis
648 1369 925 1411 confessionibus
945 1373 1172 1412 peecatorum
1197 1371 1347 1412 exceptis
1373 1374 1402 1402 et
1430 1370 1599 1403 Societate
1622 1371 1848 1414 principibus
1874 1382 1963 1404 com-

200 1423 376 1456 mendata.
425 1423 516 1455 Eius
548 1423 781 1465 prudentiam
817 1428 846 1456 et
872 1416 1085 1456 'modestiam
1121 1425 1225 1456 etium
1251 1424 1472 1456 Lutlzeranis
1503 1424 1702 1466 placuisse,
1741 1435 1886 1468 eumque
1925 1427 1959 1457 in

200 1478 399 1509 Sasoniam
433 1476 477 1508 ab
512 1476 635 1509 iisdem
672 1477 858 1509 incitatum
894 1487 972 1509 esse.
1027 1476 1218 1519 Colle-oium
1244 1478 1426 1509 viennense
1451 1488 1473 1509 a
1500 1477 1578 1510 Iaio
1607 1477 1780 1510 incohari.
1830 1478 1965 1511 Eodem

198 1534 341 1562 auctore
366 1540 408 1562 ac
434 1530 520 1562 (luce
546 1530 766 1562 cardinalem.
794 1533 1033 1571 (eaequstanum
1060 1531 1228 1562 eoeereiticc
1253 1530 1461 1573 spiritualia
1484 1532 1659 1573 pereyisse
1685 1542 1726 1563 ac
1750 1542 1785 1564 se
1815 1542 1964 1574 suosque

199 1584 419 1625 reformasse.
471 1583 684 1625 Inyolstudii
718 1583 759 1615 de
793 1582 928 1615 (luobus
963 1583 1115 1625 collegitis
1150 1594 1192 1615 es
1227 1583 1380 1616 decumis
1415 1584 1641 1616 eeclesiarum
1667 1584 1856 1617 condendis
1882 1586 1966 1627 α9ἰ;

197 1637 453 1679 disputationes
479 1640 508 1668 et
533 1636 684 1669 scholam
713 1636 860 1669 Ethicue
885 1637 1037 1677 florere;
1056 1637 1242 1679 principes
1268 1637 1383 1669 Sociis
1407 1637 1538 1678 farere.
1575 1638 1618 1670 In
1647 1639 1792 1670 rectoris
1818 1648 1965 1670 munere

197 1700 287 1733 quae
313 1691 386 1732 ipsc
409 1689 532 1731 feeerit
559 1690 606 1722 ad
632 1690 740 1722 libros
765 1689 959 1722 haereticos
984 1699 1164 1732 moresque
1188 1700 1318 1732 prat-os
1343 1690 1530 1723 abolendos
1540 1702 1553 1732 ;
1586 1690 1875 1723 scholasticorum
1894 1702 1962 1734 pa-

198 1748 311 1776 rentes
336 1744 485 1776 monitos
511 1747 539 1775 et
567 1743 693 1775 delicta
720 1743 899 1775 vindicata
926 1752 1005 1776 esse.
1041 1742 1086 1775 Se
1111 1753 1148 1775 eo
1175 1743 1379 1784 defunctum
1407 1754 1549 1776 munere
1573 1744 1749 1776 salarium
1773 1755 1960 1778 recusasse.

198 1796 318 1829 Socios
344 1796 511 1839 obsecrat,
541 1800 576 1828 ut
606 1797 823 1829 Germaniae
848 1796 1106 1838 afflietissz'nutc
1133 1806 1226 1839 opem
1252 1797 1385 1838 ferant.

196 1885 260 1927 De
301 1885 430 1927 rebus
471 1884 656 1928 fratrum
690 1885 939 1936 Societatis‚
984 1885 1055 1938 qui
1089 1885 1203 1939 apud
1237 1884 1474 1927 Germanos
1516 1885 1700 1939 degunt,
1745 1886 1798 1927 ab
1838 1884 1962 1927 initio

933 1950 1034 1992 anni
1070 1952 1222 2001 1551³‚

971 2032 1179 2075 IHESVS

313 2112 602 2157 Redditurusb
623 2114 835 2157 rationem
868 2114 1136 2169 superiorum
1167 2114 1293 2157 huius
1324 2114 1424 2157 anni
1456 2114 1680 2165 mensium,
1713 2114 1794 2156 hoe
1817 2114 1868 2156 de
1890 2128 1961 2156 me

194 2178 286 2233 ipso
319 2179 509 2233 praefari
541 2180 691 2230 habeo,
726 2180 979 2222 Reuerende
1012 2180 1144 2222 Pater
1175 2180 1215 2222 in
1244 2180 1487 2222 CHRISTO
1510 2179 1763 2234 Praeposite
1795 2182 1957 2230 noster,

193 2244 333 2285 vereri
366 2257 434 2285 me
466 2244 643 2296 seilicet,
678 2259 728 2287 ae
760 2244 975 2287 solicitum
1008 2259 1102 2287 esse
1134 2259 1299 2287 summo
1332 2245 1436 2296 iure,
1471 2259 1599 2298 quam
1632 2259 1712 2297 ego
1744 2244 1958 2286 rationem

194 2308 331 2350 omnis
356 2309 474 2351 uitae
495 2323 617 2352 meae
649 2310 729 2351 sim
753 2324 898 2352 eoram
929 2310 1067 2352 iudice
1091 2311 1181 2352 Deo
1214 2310 1472 2360 redditurus,
1507 2309 1578 2363 qui
1600 2323 1711 2351 nune
1734 2309 1785 2351 de
1807 2309 1959 2363 paucis

193 2373 324 2416 etiam
356 2374 575 2417 mensibus
606 2374 688 2416 nisi
720 2375 832 2417 male
866 2375 1088 2418 collocatis
1120 2375 1381 2430 respondere
1412 2388 1498 2416 non
1520 2388 1707 2429 possum.
1752 2374 1958 2417 Praestat

192 2438 325 2492 igitur
347 2439 399 2481 de
422 2439 471 2483 R.
496 2440 541 2482 P.
568 2443 611 2483 et
633 2440 758 2482 Doet.
783 2440 959 2482 Claudio
982 2440 1086 2491 laio,
1120 2444 1164 2483 et
1185 2441 1236 2483 D.
1260 2440 1442 2483 Nicolao
1468 2440 1675 2481 Goudano
1699 2439 1841 2481 dicere
1868 2439 1954 2493 pri-

193 2518 320 2554 mum,
355 2505 467 2557 quos]
493 2518 570 2559 per
600 2504 696 2547 illos
719 2505 865 2547 divina
887 2505 1060 2547 bonitas
1083 2505 1257 2556 efficiat,
1292 2519 1401 2558 quae
1423 2507 1628 2559 peccator
1651 2518 1744 2558 ego,
1778 2504 1957 2558 Deoque

192 2569 389 2622 ingratus
422 2571 466 2612 et
497 2569 662 2612 inutilis
683 2570 811 2624 plane
834 2570 948 2612 haud
974 2584 1225 2624 consequor.
1270 2570 1439 2612 Vellem
1476 2569 1649 2611 iuterim
1681 2569 1820 2622 magis
1852 2569 1955 2611 mihi

193 2648 287 2676 esse
319 2637 556 2688 comperta,
591 2649 702 2688 quae
733 2635 961 2690 praecipue
994 2637 1044 2679 R.
1079 2636 1124 2678 P.
1153 2635 1355 2678 Claudius
1387 2636 1467 2677 hoe
1499 2649 1611 2677 anno
1644 2634 1793 2688 gessit,
1827 2648 1955 2688 prae-

310 2755 322 2768 ³
347 2751 553 2794 Sequuntur
583 2751 708 2784 verbu:
743 2750 955 2795 praesertim
981 2750 1213 2793 Ingolstadii,
1250 2762 1339 2795 quae
1362 2755 1481 2793 postea
1518 2751 1581 2791 (ab
1613 2752 1687 2793 [pso
1717 2750 1879 2791 canisio,
1918 2754 1954 2781 ut

195 2804 349 2843 ridetur)
377 2805 487 2836 deleta
513 2809 605 2837 sunt.

311 2855 324 2871 '¹
349 2857 523 2890 Paluneus
550 2859 586 2889 iu
615 2858 836 2901 (taeetoyraplio
872 2862 953 2890 (wite
979 2857 1198 2891 Redditurus
1232 2859 1349 2901 posuit
1386 2857 1486 2890 rerba
1514 2855 1640 2890 Gratia
1675 2857 1711 2888 et
1746 2865 1836 2899 prm,
1874 2857 1953 2895 etc„

196 2913 252 2943 „ut
272 2911 500 2942 Canis-sunam
523 2912 768 2943 narrationem
787 2911 834 2943 ud
852 2911 1021 2953 epistulae
1039 2912 1216 2953 rulyarem
1235 2912 1391 2953 formam
1412 2911 1600 2953 reduceret,
1618 2911 1734 2952 sicque
1752 2919 1773 2940 (ι
1789 2908 1953 2940 librari-is

192 2961 510 2995 transerilwretur“
548 2965 616 3003 (itu
652 2964 766 2996 editor
796 2964 1038 3005 „Litterarum
1066 2963 1403 3007 qucalrimestrium“
1441 2964 1476 3006 J,
1503 2962 1627 3002 280³).
1678 2961 1810 2994 Eadem
1849 2961 1951 2994 rerba.

191 3018 270 3045 sun!
301 3014 335 3045 in
364 3015 496 3055 „l'uriu
526 3016 723 3050 Historia&

316 3128 322 3146 ¹
351 3129 525 3170 Mutavit,
564 3134 601 3164 ut
638 3131 687 3164 ita
713 3134 853 3165 mutata
879 3131 1181 3165 transcriberetur
1207 3132 1355 3176 eiusque
1381 3130 1545 3175 exempla
1571 3129 1606 3163 in
1633 3129 1733 3163 varia
1760 3128 1952 3164 Societatis

192 3180 370 3214 domicilia
396 3182 632 3217 mitterentur.
685 3184 738 3217 Cf.
765 3195 873 3228 supra
900 3196 931 3228 p.
961 3184 1158 3218 336—337.
