2113 3430
282 201 440 235 Monuni.
470 199 645 244 (ingolst.)
675 201 729 234 54.
760 200 831 243 (30.
857 199 1064 234 Decembris
1093 199 1209 243 1550.)
1239 200 1294 234 55.
1324 198 1372 243 (8.
1399 198 1553 233 Ianuarii
1582 197 1698 241 1551.)
1787 199 1871 241 703

949 318 1039 359 54.

787 400 844 437 30.
871 400 1078 437 Decembris
1106 402 1198 437 1550.

235 483 290 517 Ex
316 483 391 517 cod.
418 495 553 517 monac.
585 483 823 526 „Protocolla“
857 483 881 517 f.
912 483 987 517 183.

238 559 404 592 Canisins
437 565 593 592 senatum
630 559 740 592 habet.
791 559 844 591 De
871 560 1096 591 universitate
1124 561 1157 591 in
1187 570 1294 592 causa
1325 557 1635 600 „Lutlwram'snaeW
1665 559 1872 602 pen-qando.

120 614 279 656 Casparo
314 613 489 645 Bmsehio
525 623 652 645 ›mmets
686 612 833 645 docende·
869 622 935 644 non
973 623 1042 644 esse
1076 612 1311 645 tribuendum.
1365 613 1418 645 De
1452 613 1586 645 dnobus
1621 612 1792 654 beneficiis
1827 624 1874 645 ec·-

119 667 331 699 clesiastzhis.

305 746 559 797 „Consilium
591 746 785 788 habitum
817 746 1054 800 penultima
1087 747 1337 788 Decembris
1370 746 1495 789 Anno
1528 747 1686 789 MDL.“

241 829 407 880 „Primo
440 829 707 884 propositum
739 828 821 871 fuit
853 829 1064 881 quomodo
1088 829 1296 883 scriptum
1319 829 1400 872 fuit
1423 829 1593 871 domino
1627 832 1670 871 et
1692 831 1875 882 patrono

118 896 267 936 nostro
291 895 602 936 Stockhamero
625 897 674 936 vt
705 894 749 935 in
771 907 902 935 causa
923 894 1174 935 Lutherana
1205 894 1248 935 in
1279 909 1363 947 qua
1384 894 1646 936 vniuersitas
1668 894 1694 936 J
1698 896 1879 935 ncusata

120 962 164 1001 et
196 959 420 1002 diffamata
452 962 567 1001 esset
600 959 843 1001 consuleret
876 958 1150 1000 vniuersitati
1183 959 1284 1011 quid
1316 959 1359 1000 in
1392 973 1443 1001 ea
1475 959 1702 1012 agendum.
1761 959 1878 1001 Jtem

121 1024 176 1066 ad
194 1024 468 1078 Rescriptum
491 1023 633 1076 domnj
657 1023 958 1066 Stockhameri
985 1023 1036 1064 de
1063 1023 1272 1065 Bruschio
1299 1026 1426 1077 poete
1445 1022 1543 1078 [sic]
1563 1024 1676 1077 quod
1697 1023 1879 1066 multum

122 1088 202 1130 sibi
235 1089 559 1131 commendatus
591 1088 648 1130 sit
670 1088 863 1130 nominea
895 1088 1193 1130 Vniuersitatis
1219 1088 1539 1130 rescribendum
1572 1091 1620 1130 vt
1647 1089 1687 1142 js
1719 1101 1881 1141 nequa-

123 1168 251 1207 quam
291 1153 333 1195 in
374 1154 580 1196 lectorem
621 1153 855 1207 recipiatur
896 1152 994 1206 quia
1036 1152 1092 1195 sit
1131 1153 1258 1195 honio
1300 1153 1471 1195 rixosus
1513 1156 1556 1195 01
1596 1167 1766 1207 semper
1798 1152 1881 1195 fuit

123 1222 275 1261 contra
307 1219 417 1260 hanc
449 1218 766 1260 Academiam.“
789 1219 804 1245 1

249 1284 336 1333 „De
369 1283 574 1325 beneficio
607 1283 838 1337 Schopperj
872 1282 1100 1336 presbiterj
1134 1283 1248 1336 apud
1281 1297 1428 1324 omnes
1470 1286 1643 1326 sanct-os
1680 1283 1723 1324 111
1755 1282 1882 1324 Cimi-

126 1348 234 1391 terio
255 1348 294 1390 S.
314 1348 506 1402 mauricij
531 1350 580 1389 vt
603 1362 754 1390 census
776 1347 890 1389 illius
912 1347 1206 1401 percipiantur
1228 1348 1585 1401 quemadmodum
1604 1348 1883 1390 Cetaerorum

126 1413 423 1455 benefitiorum
467 1415 566 1454 sunt
606 1412 909 1465 inuestiganda
941 1412 1145 1466 Registra
1186 1413 1300 1466 apud
1342 1427 1467 1465 quem
1505 1413 1671 1467 possint
1705 1412 1883 1466 reperirj

127 1478 485 1531 quemadmodum
516 1478 727 1531 Magister
750 1477 1038 1531 wolfgangus
1072 1478 1286 1519 Gothart‘2
1319 1481 1363 1519 et
1394 1478 1602 1520 Notarius
1634 1477 1750 1518 missi
1785 1480 1885 1520 sunt

127 1543 181 1584 ad
215 1557 265 1584 ea
298 1543 666 1596 perquirendum.⁴‘

252 1608 339 1658 „De
371 1607 571 1650 benefitio
603 1607 759 1649 Domni
791 1608 1006 1661 Theandrj
1024 1608 1040 1635 3
1077 1608 1190 1661 quod
1222 1608 1353 1650 habet
1386 1608 1499 1662 apud
1533 1610 1729 1649 sanct-um
1762 1607 1885 1649 Mau-

127 1672 295 1723 ritium,
340 1670 581 1725 [decretum
614 1671 715 1726 est‚]
759 1673 871 1726 quod
903 1675 1082 1726 propter
1113 1673 1250 1714 zelum
1282 1673 1361 1714 Dei
1395 1675 1438 1715 01
1470 1673 1615 1727 populi
1654 1673 1884 1714 clamorem

128 1736 378 1779 vitandum¹'
410 1737 590 1790 singulis
621 1737 957 1779 hebdomadibus
980 1738 1114 1780 faciat
1145 1738 1231 1791 legi
1253 1739 1321 1779 vel
1354 1739 1473 1791 legat
1506 1752 1634 1779 Vnam
1663 1737 1876 1779 missaln.“

961 1859 1052 1900 55.

836 1946 868 1979 8.
895 1942 1059 1979 Ianuarii
1086 1943 1170 1979 1551.

247 2027 301 2060 Ex
328 2027 403 2061 cod.
431 2039 568 2061 monac.
599 2026 839 2068 ,,Ρ1·01000113“ι
869 2027 893 2061 f.
924 2026 1022 2061 18:3¹³.

247 2104 408 2137 Senatus.
461 2104 514 2136 De
547 2104 700 2136 decumis
726 2104 802 2135 ludi
833 2106 1001 2146 maffl'stro
1036 2104 1169 2137 debitis.
1226 2104 1341 2137 Causa
1364 2105 1468 2147 porei
1494 2104 1537 2137 ab
1563 2104 1683 2137 abbate
1709 2105 1786 2136 dati
1810 2105 1883 2137 dir-

128 2157 262 2189 imitar.
308 2157 485 2189 Ecclusns
511 2157 655 2199 qnidam
682 2159 809 2190 iterum
835 2159 1018 2200 recipitur.
1066 2157 1209 2190 canisio
1235 2158 1384 2201 scyphus
1410 2158 1528 2191 datm:

253 2236 508 2288 „Consilium
530 2237 827 2280 Vniuersitatis
849 2237 1042 2280 habitum
1061 2238 1128 2279 die
1145 2239 1172 2280 ,J
1176 2238 1267 2280 ouis
1286 2241 1439 2280 octauo
1458 2237 1678 2292 .13111131·1]“
1703 2237 1883 2293 [1551]:

246 2302 478 2344 Balthasar
499 2302 777 2344 Fannemann
809 2303 1189 2344 vicecancellarius
1222 2303 1276 2345 ad
1309 2303 1574 2345 consiliarios
1604 2303 1655 2345 de
1688 2303 1762 2346 lite
1795 2306 1884 2346 ret·

127 2367 241 2417 tulit,
276 2381 385 2419 quae
418 2367 469 2408 de
493 2367 681 2408 decumis
704 2381 907 2420 agrorum
932 2368 1197 2421 quorundam
1220 2368 1334 2410 intra
1356 2368 1605 2422 parochiam
1630 2369 1670 2411 S.
1694 2368 1886 2411 Mauritii

130 2431 309 2473 sitorum
343 2431 567 2484 exigendis
599 2435 706 2474 erat.

249 2576 261 2589 Π
286 2573 345 2604 Siz-
370 2572 420 2604 cel
444 2572 554 2604 simila·
579 2573 678 2605 modo
705 2573 940 2605 roseth-mulum
969 2574 1033 2605 erit
1059 2574 1184 2615 sl'ylunae
1213 2573 1416 2615 obscurum,
1452 2573 1544 2615 quod
1569 2573 1632 2605 hor·
1661 2573 1788 2605 codicis
1815 2573 1886 2605 Ioco

127 2626 279 2668 positum
308 2629 364 2657 est.
509 2623 523 2642 b
547 2624 738 2658 clamarem
765 2625 948 2659 vitandam
976 2626 1071 2658 Prot.

253 2754 261 2772 ¹
289 2751 423 2797 Caspar
448 2751 585 2786 Brusch
615 2752 650 2796 (†
679 2753 806 2795 15:39),
843 2764 887 2785 ex
914 2752 1218 2792 Schlackenwald,
1249 2752 1437 2786 Bohemiae
1464 2752 1609 2797 oppido,
1637 2754 1755 2793 ortus,
1782 2754 1887 2797 poeta

129 2806 312 2839 laureatus
340 2807 375 2839 ct
400 2804 629 2839 historiarum
656 2805 923 2850 episcopatuum
951 2807 986 2838 et
1011 2806 1307 2839 monasteriorum
1335 2805 1617 2848 germanicorum
1643 2805 1817 2850 scriptor,
1853 2806 1888 2839 in

130 2858 366 2899 carminibus,
402 2869 493 2901 quae
520 2858 662 2892 assidue
689 2858 880 2899 fundebat,
910 2858 1098 2892 ecclesiam
1125 2858 1338 2892 catholicam
1364 2859 1465 2893 modo
1492 2859 1655 2893 laudibus
1682 2858 1887 2900 extollebat,

128 2912 230 2946 modo
259 2911 460 2956 petulanter
486 2911 683 2946 incusabat.
736 2911 842 2945 Nullo
869 2911 945 2945 loco
972 2911 1031 2945 diu
1059 2911 1276 2945 considebat.
1312 2912 1529 2946 Pettendorfi
1557 2912 1700 2946 tandem
1725 2912 1889 2947 minister

128 2965 341 3000 lutheranus
378 2964 495 2998 factus
522 2966 587 2998 est.
639 2964 693 2999 Cf.
721 2964 762 2998 de
789 2976 829 2998 eo
857 2966 1009 2998 Janssae’n
1045 2964 1066 2998 l.
1095 2976 1123 2998 c.
1152 2964 1228 3005 VH,
1256 2965 1452 2999 232-235.
1503 2965 1681 2999 Monachii
1711 2967 1745 3000 et
1772 2966 1888 3009 Ingol-

130 3018 238 3053 stadii
264 3019 306 3052 (le
332 3017 505 3051 Bruschio
535 3018 571 3051 in
597 3017 803 3051 cathedram
839 3017 1078 3051 academicam
1111 3017 1293 3052 evehendo
1328 3020 1447 3052 actum
1474 3030 1550 3053 esse
1584 3019 1720 3063 fugisse
1746 3019 1890 3053 videtur

134 3071 210 3106 eius
236 3071 480 3116 biographum,
509 3072 635 3104 Adam.
664 3072 858 3113 Horaeeitz,
887 3070 1022 3114 Caspai·
1047 3071 1242 3105 Bruschius
1271 3071 1383 3115 (Pi-ag
1409 3072 1479 3106 und
1499 3071 1604 3105 XVien
1633 3072 1738 3115 1874)
1767 3085 1800 3117 p.
1823 3072 1888 3106 122

135 3125 178 3159 ad
207 3124 284 3158 127.
429 3124 442 3143 ²
468 3124 518 3157 De
545 3123 611 3157 hoc
637 3136 670 3157 v,
696 3135 804 3167 supra
830 3135 862 3168 p.
890 3123 992 3157 352³.

256 3178 268 3197 ³
294 3178 345 3211 De
372 3177 525 3219 Georgio
552 3176 738 3211 Theandro
764 3189 797 3210 v.
825 3188 932 3221 supra
959 3189 990 3221 p.
1018 3177 1120 3212 690⁴.
