2113 3430
317 212 473 247 Monum.
503 211 750 256 (coloniensia)
780 212 812 246 6.
850 211 897 255 (3.
925 214 960 246 et
986 211 1041 246 21.
1068 212 1252 247 Februarii
1278 215 1314 247 et
1342 214 1394 248 15.
1421 214 1544 249 Martii
1571 214 1687 255 1538.)
1798 217 1881 258 661

603 328 653 365 Et
681 332 772 366 sunt
801 327 871 365 hec
900 327 1056 366 nomina
1084 331 1396 377 presentatorum

244 398 383 435 Petrus
412 397 691 446 nouiomagusa
720 398 765 435 de
795 398 906 436 domo
935 397 1078 435 montis
1090 396 1115 436 ¹⁷.

244 456 489 495 Christianus
518 457 809 495 Heresbachius
838 457 1138 495 Laurentianus.

244 591 373 628 Pridie
402 591 509 629 Petri
547 592 596 628 ad
632 592 883 629 cathedram¹
920 592 1139 640 presentati
1179 597 1268 630 sunt
1307 593 1451 631 domini
1480 594 1736 632 Baccalaurei
1775 594 1885 632 citati

126 650 280 689 domino
318 650 642 688 vicecancellario
681 649 869 698 magistro
908 651 1071 699 Hilgero
1110 652 1208 688 born
1249 652 1390 690 artium
1429 656 1468 690 et
1505 653 1635 701 legum
1672 653 1886 702 professori

128 709 354 747 doctissimo
386 712 424 746 et
453 709 657 747 constituti
687 712 778 746 sunt
807 710 1095 748 examinatores

245 769 345 816 Mgr.
375 768 573 806 Adrianus
603 769 649 806 de
679 768 808 805 Breda

246 828 346 876 Mgr.
375 827 547 865 Mathias
577 827 714 876 aquis‘2

246 889 345 937 Mgr.
375 889 625 927 Hermannus
653 887 975 927 monasteriensis

248 949 346 996 Mgr.
376 949 552 986 Joannes
581 949 842 986 brunchhorst
870 946 1127 994 nouiomagus
1142 948 1166 984 3.

246 1007 363 1045 Feria
392 1010 506 1045 sexta
534 1011 626 1045 ante
655 1007 888 1045 dominicam
916 1005 1182 1043 Reminiscere
1220 1018 1293 1054 que
1323 1009 1407 1044 erat
1439 1008 1485 1044 15
1515 1006 1644 1056 martij
1675 1006 1888 1044 celebrauit

128 1065 347 1104 Licentiam
384 1066 424 1103 in
461 1066 611 1104 artibus
648 1065 901 1104 Honorabilis
943 1067 982 1102 et
1018 1064 1362 1102 Prestantissimus
1404 1065 1464 1103 vir
1505 1065 1646 1104 artium
1684 1069 1723 1104 et
1759 1066 1888 1115 legum

129 1126 264 1163 doctor
301 1125 597 1174 expertissimus
634 1138 729 1174 mgr.
773 1125 953 1173 Hilgerus
993 1125 1091 1162 born
1131 1124 1402 1162 vniuersitatis
1440 1125 1788 1163 vicecancellarius
1827 1138 1888 1162 ac-

130 1187 394 1234 ceperuntque
416 1184 633 1222 Licentiam
662 1183 806 1222 domini
835 1182 1049 1221 examinati
1078 1186 1117 1221 et
1145 1183 1307 1221 admissi
1334 1183 1390 1221 illi
1419 1184 1699 1222 nouendecin14
1727 1197 1889 1233 quorum

131 1243 287 1281 nomina
316 1243 437 1281 habes
471 1243 564 1281 folio
602 1243 802 1293 superiori.
857 1243 907 1280 Et
944 1243 1030 1280 loco
1068 1241 1220 1291 prandij
1260 1242 1349 1280 date
1387 1246 1478 1280 sunt
1514 1243 1737 1292 presentiae
1753 1246 1776 1289 ⁵,
1815 1243 1890 1280 fuit

131 1306 264 1340 autem
291 1302 437 1351 primus
468 1303 514 1340 de
544 1303 654 1341 domo
684 1302 908 1352 Cuyckana.

822 767 993 877 }sacrae
1022 798 1244 847 theologiae
1273 799 1470 837 licenciati

251 1389 355 1423 Falso
380 1388 493 1432 igitur
517 1389 641 1423 Ennen
666 1389 702 1422 in
726 1388 937 1433 biographia
962 1399 1028 1422 sua
1054 1387 1237 1422 canisiana
1263 1387 1422 1422 affirmat
1448 1387 1631 1422 Canisium
1655 1388 1686 1422 3.
1705 1387 1890 1422 Februarii

135 1441 225 1477 1538
255 1441 457 1484 „licentiam
482 1443 519 1476 in
544 1442 700 1476 artibus“
730 1442 911 1487 accepisse
937 1441 1015 1475 sive
1040 1441 1265 1475 licentiatum
1290 1440 1535 1486 philosophiae
1561 1443 1721 1476 creatum
1747 1452 1826 1476 esse
1841 1441 1864 1475 ⁶.

252 1569 266 1583 ὃ
288 1565 358 1597 Hic
383 1576 517 1608 quoque
542 1575 651 1597 mame
669 1565 782 1608 paulo
804 1566 999 1607 posteriore
1023 1565 1117 1597 inter
1134 1564 1301 1597 rocabzda
1320 1563 1449 1598 Petrus
1467 1569 1497 1597 et
1513 1564 1747 1608 nouiomagus
1767 1576 1889 1598 nomen

132 1615 300 1651 Canisius
327 1619 495 1651 insertum
521 1622 577 1651 est.

252 1668 266 1689 b
292 1670 459 1704 Cam'sins
485 1672 576 1704 inter
601 1681 717 1704 omnes
743 1668 1025 1714 „praesentatoffl
1047 1671 1168 1714 primo
1195 1671 1268 1703 loeo
1295 1672 1511 1704 nominatur.

257 1806 266 1826 ¹
292 1805 357 1839 Die
384 1805 439 1838 21.
466 1805 650 1839 Februarii
678 1804 777 1838 1538.
828 1804 881 1838 Cf.
908 1815 1019 1849 supra
1044 1815 1077 1848 p.
1105 1803 1185 1837 66¹.

254 1858 267 1879 2
293 1858 466 1892 Matthias
493 1857 665 1899 Cremers,
691 1857 871 1901 aquensis,
897 1856 999 1891 annis
1027 1857 1258 1891 1526-1557
1285 1868 1431 1901 praeses
1458 1856 1599 1899 collegii
1624 1855 1793 1890 montani.

255 1912 268 1932 3
293 1911 395 1953 Vide,
421 1922 512 1955 quae
537 1922 691 1945 monum.
719 1911 749 1945 7.
776 1910 1008 1945 subicientur.

255 1966 267 1985 ⁴
293 1964 391 1998 Inter
415 1964 481 1998 hos
508 1963 671 1998 Canisius
697 1966 784 1998 erat.

253 2018 266 2038 ⁵
296 2016 565 2059 „Praesentiae“
597 2031 640 2046 z
666 2017 797 2051 salaria
823 2015 900 2051 sive
926 2027 1075 2050 munera
1101 2015 1291 2061 pecuniae,
1330 2027 1421 2059 quae
1456 2027 1502 2050 ex
1536 2015 1674 2050 aerario
1707 2014 1892 2050 facultatis

133 2071 267 2105 artium
293 2070 573 2104 desumebantur
600 2069 759 2114 (Statuta
784 2069 806 2104 l.
835 2081 864 2104 c.
890 2081 923 2114 p.
951 2069 1048 2113 309).

253 2124 266 2143 ⁶
292 2123 516 2167 Allgemeine
542 2122 713 2157 deutsche
740 2122 955 2167 Biographie
982 2123 1045 2156 Bd.
1072 2122 1134 2156 ΙΙΙ.
1178 2122 1254 2156 Auf
1276 2121 1550 2164 Veranlassung
1575 2121 1646 2155 und
1671 2121 1737 2155 mit
1762 2120 1891 2155 Unter-

129 2179 305 2220 stutzung
322 2176 440 2210 seiner
456 2176 649 2210 Maiestaet
666 2176 728 2210 des
746 2175 883 2219 Kfinigs
905 2187 974 2209 von
992 2176 1135 2220 Bayern
1153 2174 1377 2209 Maximilian
1396 2174 1440 2209 H.
1467 2174 1762 2218 herausgegeben
1780 2173 1892 2208 durch

130 2230 188 2264 die
214 2229 427 2264 historische
453 2228 694 2263 Kommission
718 2229 775 2263 bei
810 2229 872 2263 der
896 2228 1040 2272 Konigl.
1066 2228 1264 2262 Akademie
1300 2228 1361 2261 der
1387 2227 1702 2262 VVissenschaften
1730 2226 1893 2272 (Leipzig

135 2282 253 2326 1876),
282 2282 480 2316 749—756.
528 2282 659 2316 Mirum
684 2293 789 2324 sane,
826 2293 932 2326 quam
958 2281 1082 2316 multis
1108 2281 1207 2316 vitiis
1233 2281 1322 2315 haec
1349 2280 1483 2315 Canisii
1508 2280 1719 2326 biographi-a
1743 2280 1891 2314 laboret.

132 2336 207 2377 Ita,
245 2337 285 2369 ut
323 2335 442 2379 aliqua
480 2335 707 2380 proferantur
741 2335 925 2380 exempla,
963 2334 1150 2369 scribitur:
1199 2333 1380 2368 Canisium
1421 2345 1511 2368 anno
1549 2334 1638 2368 1543
1673 2334 1709 2367 iu
1747 2344 1893 2367 manum

132 2388 231 2423 Petri
249 2388 354 2422 Fabri
380 2387 543 2422 emisisse
569 2390 691 2422 votum
711 2387 900 2422 Societatis
926 2388 1007 2422 Iesu
1030 2387 1185 2431 [omnino
1204 2387 1373 2432 privatim
1392 2387 1511 2421 emisit
1528 2388 1652 2421 votum
1671 2386 1892 2431 ingrediendi

130 2440 382 2484 Societaten]];
410 2440 591 2475 Canisium
609 2441 858 2475 universitatis
876 2440 1170 2485 ingolstadiensis
1188 2442 1363 2474 rectorem
1383 2440 1536 2474 electum
1555 2452 1633 2474 esse
1654 2440 1707 2474 18.
1727 2439 1893 2474 Octobris

136 2495 224 2529 1549
251 2494 401 2537 [electus
428 2496 484 2528 est
512 2494 564 2528 18.
592 2494 757 2529 Octobris
786 2494 909 2538 1550];
946 2494 1107 2528 Viennae
1142 2505 1324 2528 sermones
1359 2505 1479 2527 sacros
1504 2493 1672 2527 habuisse
1698 2493 1733 2526 in
1759 2492 1893 2538 templo

137 2548 271 2590 „Maria
297 2559 359 2581 zur
385 2547 532 2591 Wiege“
565 2547 703 2591 [habuit
728 2548 764 2581 in
790 2548 869 2582 aliis
895 2547 1040 2593 templis
1066 2547 1268 2591 marianis];
1305 2546 1460 2590 Pragam
1487 2546 1628 2590 collegii
1655 2545 1894 2580 constituendi

133 2601 251 2646 gratia
276 2600 476 2646 profectum
503 2611 581 2635 esse
606 2612 729 2635 mense
747 2601 842 2635 Maio
868 2612 899 2635 a.
922 2601 1010 2635 1555
1038 2600 1236 2645 [profectus
1263 2602 1318 2634 est
1344 2598 1467 2643 Iulio];
1495 2599 1625 2633 ibidem
1651 2599 1774 2633 ludum
1799 2599 1893 2633 litte-

133 2653 266 2689 rarium
294 2653 484 2688 Societatis
518 2656 682 2698 apertum
717 2665 795 2688 esse
823 2655 854 2688 7.
881 2654 972 2687 Iunii
1010 2654 1099 2688 1556
1137 2652 1296 2698 [apertus
1332 2655 1387 2686 est
1422 2653 1454 2687 8.
1490 2652 1604 2696 Iulii];
1640 2652 1822 2686 Canisium
1857 2652 1894 2686 in

130 2708 309 2751 suggestu
345 2706 518 2740 ecclesiae
553 2707 770 2741 cathedralis
805 2710 1029 2751 augustanae
1067 2707 1285 2741 successisse
1331 2706 1465 2740 doctori
1505 2706 1656 2747 „Faber“
1705 2705 1895 2749 [successit

134 2760 268 2794 doctori
293 2759 474 2804 „Fabri“];
502 2760 759 2794 catechismum
777 2772 882 2794 suum
905 2761 1096 2805 „parvun1“
1118 2759 1345 2804 inscripsisse
1368 2759 1636 2801 „Institutiones
1653 2758 1889 2792 christianae“

133 2812 332 2858 [inscripsit
363 2812 631 2854 „Institutiones
657 2813 874 2847 christianae
900 2812 1104 2858 pietatis“];
1145 2812 1364 2854 „Sum1nan1“
1399 2823 1500 2846 suam
1526 2811 1666 2846 senatui
1702 2811 1894 2846 coloniensi

131 2866 317 2900 dedicasse
344 2865 474 2899 litteris
501 2865 532 2900 8.
560 2865 779 2911 Septembris
808 2867 896 2899 1566
933 2866 1026 2900 datis
1062 2865 1180 2909 [datae
1215 2867 1300 2899 suut
1325 2865 1356 2899 6.
1384 2864 1538 2899 Ianuarii
1567 2864 1690 2909 1566];
1726 2865 1894 2898 Ioannem

133 2919 295 2963 Dorigny
322 2918 433 2952 vitam
461 2918 594 2953 Canisii
620 2919 655 2952 in
682 2919 797 2953 lucem
824 2919 987 2953 emisisse
1014 2930 1104 2952 anno
1135 2918 1224 2952 1692
1251 2917 1360 2961 [edita
1392 2920 1448 2952 est
1482 2918 1634 2962 primum
1662 2917 1785 2962 1707];
1820 2917 1894 2951 Fri-

131 2972 237 3016 burgi
255 2972 466 3015 Brisgoviae
481 2971 670 3006 Societatis
688 2971 879 3015 collegium
898 2971 1077 3005 conditum
1097 2983 1174 3005 esse
1194 2983 1284 3004 anno
1306 2970 1394 3005 1586
1413 2970 1609 3015 [conditum
1627 2973 1684 3006 est
1703 2970 1805 3015 1620]
1826 2972 1892 3005 etc.

134 3045 177 3049 ——
206 3025 428 3059 Leonardum
448 3024 573 3058 Ennen
598 3035 862 3068 nonnumquam
889 3024 924 3058 in
950 3024 1055 3058 rebus
1081 3023 1362 3058 transcribendis
1387 3023 1446 3058 vel
1473 3024 1696 3059 affirmandis
1722 3024 1893 3059 leviorem

133 3078 246 3113 fuisse
288 3077 444 3112 ostendit
494 3077 601 3111 etiam
640 3078 684 3111 K.
724 3078 946 3121 Hfflhlbazcm,
988 3076 1088 3111 Buch
1126 3076 1343 3120 XVeinsberg
1380 3076 1414 3119 Ι,
1459 3077 1524 3112 116
1538 3078 1560 3111 ³.
1603 3078 1670 3112 215
1685 3078 1707 3112 ⁷.
1769 3077 1894 3120 Neque

132 3131 240 3166 aliter
273 3131 315 3165 de
351 3143 390 3165 eo
425 3130 536 3164 sentit
562 3131 611 3164 M.
639 3131 790 3174 Lossen,
826 3129 896 3164 Der
923 3129 1115 3164 Kblnische
1142 3129 1272 3173 Krieg,
1308 3129 1592 3173 Vorgeschichte
1621 3129 1756 3175 (Gotha
1784 3128 1890 3172 1882)

135 3195 168 3229 p.
198 3184 275 3218 154.
306 3185 406 3218 156¹.
