2113 3430
215 203 298 242 700
627 197 783 230 Monum.
813 195 989 240 (ingolst.)
1020 195 1075 230 51.
1105 195 1176 239 (27.
1203 195 1416 231 Novembris
1445 197 1562 241 1550.)

329 317 552 356 Quamquam
577 311 766 346 Societatis
784 311 866 345 Iesu
891 310 1053 345 homines
1080 310 1124 345 ab
1150 322 1242 345 anno
1272 311 1360 345 1549
1386 322 1500 356 usque
1525 312 1569 346 ad
1596 313 1728 347 ordinis
1755 312 1975 357 suppressio-

211 379 290 401 nem
319 367 365 410 (a.
396 366 501 408 1773)
539 365 614 399 fere
650 365 874 398 continenter
899 364 935 398 in
961 364 1144 398 academia
1179 364 1451 408 ingolstadiensi
1477 365 1692 405 docuerunt,
1728 377 1830 400 nemo
1855 367 1977 399 tamen

213 432 331 454 eorum
362 418 470 463 (quod
498 418 662 462 equidem
689 416 838 461 sciam),
865 420 1007 462 praeter
1034 417 1226 459 Canisium,
1253 420 1369 452 rector
1395 418 1642 454 universitatis
1668 419 1884 454 constitutus
1911 420 1977 453 est.

1052 533 1133 575 51.

886 623 941 660 27.
968 623 1179 660 Novembris
1206 623 1300 660 1550.

328 708 383 742 Ex
410 707 484 742 cod.
512 718 647 741 monac.
679 706 921 749 „Protocolla“
941 707 951 727 ¹
976 706 1000 740 f.
1030 706 1137 747 181³;
1165 706 1356 748 Monachii,
1384 707 1418 741 in
1445 706 1591 741 archivo
1618 708 1876 744 universitatis.

333 791 496 825 Οαηῐὸίᾏιῡἱ
523 794 637 823 rector
665 794 822 822 senatum
852 789 952 822 habet
977 789 1214 822 asadenn'cecm
1232 788 1255 822 ².
1306 789 1406 822 Duos
1431 789 1653 822 scholasticos
1672 795 1823 833 propter
1848 791 1975 823 delicta

212 846 256 878 ab
281 846 509 878 universitate
535 844 675 886 releyat.

329 932 560 975 Consilium
598 930 899 974 vniuersitatis
939 930 1134 974 habitum
1176 930 1573 986 vigesimoseptimo
1615 931 1683 974 die
1715 931 1976 975 Nouembris

211 999 337 1041 Anno
373 997 545 1039 Domini
583 998 708 1039 1550.

328 1086 487 1128 Actum
520 1087 587 1127 est
620 1085 672 1127 de
695 1085 860 1127 duobus
892 1084 1176 1137 scholasticis,
1211 1085 1282 1138 qui
1315 1085 1453 1127 denuo
1478 1085 1671 1128 accusati
1703 1089 1826 1128 erant
1855 1089 1978 1137 „tan-

212 1166 339 1205 quam
372 1154 647 1205 grassatores
680 1153 724 1193 et
756 1151 994 1193 Jnuasores
1025 1150 1244 1193 hominum
1278 1153 1487 1193 nocturno
1519 1153 1715 1206 tempore
1748 1166 1843 1193 cum
1880 1154 1979 1206 post

211 1217 348 1259 multa
381 1219 635 1271 perpetrata
666 1215 782 1258 mala
809 1219 853 1258 et
876 1216 1072 1258 crebram
1094 1215 1458 1259 admonitionem³
1490 1230 1575 1258 non
1607 1216 1881 1271 resipuerunt
1903 1217 1980 1259 sed

211 1282 255 1323 in
288 1281 449 1324 atrotia
493 1283 873 1335 perseuerarunt“‚
920 1281 1028 1323 adeo
1062 1284 1111 1324 ut
1145 1281 1427 1324 vulnerarent
1466 1281 1704 1335 „quendam
1738 1282 1978 1324 scholarem

215 1347 416 1389 clericum
450 1346 492 1388 in
526 1347 683 1388 chorea
709 1346 879 1400 publica
914 1350 956 1389 et
988 1347 1083 1388 loco
1115 1346 1286 1400 publico
1310 1346 1381 1388 vbi
1405 1347 1581 1389 deberet
1603 1347 1791 1389 maxime
1813 1347 1979 1390 seruari

214 1427 302 1467 pax
333 1426 488 1466 nempe
520 1412 623 1453 vffm
655 1412 933 1455 tantzhauss“
955 1412 983 1462 3,
1018 1414 1150 1465 atque
1181 1412 1294 1454 alter
1325 1425 1472 1454 eorum
1509 1426 1751 1465 „nunquam
1784 1412 1980 1456 visitauit

214 1476 445 1529 lectiones,
487 1480 531 1520 et
572 1477 739 1520 accedit
776 1476 928 1520 vltimo
962 1477 1016 1518 ad
1049 1491 1287 1531 grauamen
1327 1478 1560 1519 eorundem
1592 1477 1824 1520 Criminum
1866 1478 1979 1532 quod

213 1542 258 1584 in
290 1543 404 1585 festo
436 1545 586 1585 sancte
619 1542 847 1585 katherine
870 1542 1094 1584 Martiris4
1115 1542 1383 1584 Jnuaserunt
1411 1542 1543 1584 armis
1575 1543 1783 1596 quosdam
1815 1543 1980 1586 nobiles

214 1610 258 1650 et
291 1608 398 1650 alios
430 1607 657 1651 studentes
689 1608 851 1661 absque
884 1608 996 1661 omnj
1031 1608 1200 1650 causa.“
1273 1608 1543 1662 „Eapropter
1581 1610 1722 1651 totum
1755 1608 1977 1651 consilium

214 1672 515 1716 vniuersitatis
547 1672 693 1723 duxit,
736 1675 781 1715 et
813 1672 1004 1715 decreuit
1037 1686 1110 1714 eos
1143 1672 1315 1715 omnino
1356 1673 1645 1727 relegandos5
1676 1674 1734 1717 Et
1765 1674 1979 1728 relegauit

215 1753 288 1782 eos
321 1739 375 1781 ad
408 1738 625 1781 biennium
658 1740 885 1780 reseruata
927 1741 1073 1781 tamen
1115 1737 1176 1780 eis
1218 1738 1357 1789 fama,
1401 1741 1445 1780 et
1485 1738 1548 1781 ita
1588 1738 1765 1782 iudicati
1803 1742 1903 1782 sunt
1935 1742 1979 1783 et

213 1804 398 1858 relegati
431 1804 643 1857 Magistro
685 1803 841 1845 ciuium
879 1806 923 1846 et
955 1817 1155 1857 supremo
1188 1803 1329 1857 Judicj
1362 1803 1573 1846 Ciuitatis.
1636 1803 1758 1846 Licet
1798 1818 1876 1858 pro
1918 1804 1979 1847 eis

213 1868 542 1912 interuenerunt
573 1882 725 1922 preces
758 1872 801 1911 et
834 1867 1193 1922 supplicationes,
1235 1872 1383 1910 tamen
1415 1868 1587 1910 Domini
1628 1883 1712 1911 non
1744 1872 1979 1924 potuerunt

214 1934 412 1976 inclinari
445 1934 520 1976 sed
553 1936 769 1976 steterunt
801 1934 1027 1976 Decret0.“
1051 1934 1067 1960 ὓ

333 2086 346 2100 ⁸³
369 2080 645 2114 admonitionem
670 2079 901 2113 monitionem
929 2080 1002 2114 cod.

337 2227 346 2246 ¹
373 2226 471 2260 Haec
502 2225 736 2270 ‚protocolla“
764 2237 832 2258 non
851 2236 930 2259 csse
956 2226 1159 2270 conscripta
1178 2237 1196 2259 a
1217 2225 1358 2260 Canis-io
1384 2226 1460 2271 ipso
1487 2238 1531 2260 ex
1558 2226 1733 2260 sermonis
1758 2226 1979 2260 barbarismo

214 2279 455 2323 intellegitur;
483 2290 503 2313 a
529 2279 666 2313 notario
692 2278 941 2312 universitatis
966 2279 1101 2323 scripta
1128 2291 1206 2314 esse
1232 2279 1410 2313 videntur.

334 2333 347 2353 ²
378 2332 537 2374 ‚Habeat
564 2334 683 2366 autem
701 2331 929 2366 Universitas
948 2331 1154 2373 Consilium,
1183 2360 1189 2366 .
1210 2360 1216 2366 .
1237 2360 1244 2367 .
1272 2344 1381 2377 penes
1407 2332 1499 2377 quod
1518 2333 1565 2367 sit
1591 2332 1791 2366 omnimoda
1817 2334 1978 2377 potestas

215 2386 420 2426 ordinandi,
447 2385 650 2428 statuendi,
678 2385 889 2419 decernendi
917 2387 952 2419 et
978 2385 1178 2430 exequendi
1204 2385 1321 2419 onmia
1348 2387 1383 2419 et
1409 2385 1551 2429 singula
1578 2413 1612 2420 ..
1639 2413 1665 2426 .,
1693 2396 1761 2429 que
1787 2385 1831 2419 ad
1858 2385 1979 2430 hujus-

212 2439 305 2473 modi
340 2438 580 2482 Collegiorum
620 2438 776 2472 Consilia
811 2438 1024 2483 pertinent.“
1079 2432 1209 2473 Rector
1244 2441 1386 2473 tantum
1426 2439 1557 2480 „ardua
1584 2466 1591 2473 .
1620 2465 1627 2473 .
1656 2466 1662 2472 .
1699 2441 1735 2473 et
1769 2450 1899 2482 magna
1935 2439 1979 2473 ad

211 2492 340 2527 Patres
365 2492 510 2526 referat.
533 2519 538 2525 .
560 2519 565 2525 .
606 2492 784 2526 Decernat
810 2493 930 2526 autem
957 2491 1089 2526 Rector
1114 2491 1169 2533 id,
1200 2492 1292 2536 quod
1320 2503 1340 2526 a
1365 2491 1491 2536 majori
1518 2494 1621 2536 parte
1647 2491 1794 2526 Consilii
1820 2491 1980 2537 percepit

215 2545 486 2586 decernendum,
514 2546 576 2579 aut
594 2545 624 2579 si
643 2545 742 2590 paria
761 2546 846 2578 vota
873 2545 1127 2586 concurrerint,
1155 2545 1189 2579 in
1208 2556 1313 2589 quam
1334 2548 1472 2590 partem
1494 2545 1741 2579 declinandum
1770 2544 1979 2587 decreverit,

213 2611 254 2633 ea
279 2599 396 2643 potior
414 2598 631 2632 l1abeatur“:
659 2598 804 2632 Statuta
823 2609 914 2631 anno
936 2598 1024 2631 1522
1053 2598 1256 2638 reformata,
1284 2598 1326 2632 de
1354 2598 1500 2632 consilio
1527 2598 1777 2633 universitatis
1804 2598 1981 2641 (Medera)-

213 2652 235 2686 l.
263 2664 292 2686 c.
319 2651 379 2692 IV,
410 2650 624 2693 185—186).
676 2650 867 2685 Senatores
894 2651 1038 2695 quinam
1065 2651 1209 2692 fuerint,
1241 2663 1274 2685 v,
1301 2662 1410 2695 supra
1436 2663 1470 2695 p.
1498 2651 1577 2686 699.

333 2706 346 2724 ³
372 2705 522 2739 Domum
548 2703 645 2745 dicit,
672 2704 707 2738 in
734 2715 842 2748 quam
869 2703 1030 2738 homines
1056 2704 1213 2738 saltandi
1241 2715 1349 2738 causa
1377 2704 1537 2738 veniunt.

333 2759 345 2778 ⁴
373 2758 427 2791 25.
455 2757 678 2791 Novembris.
730 2757 764 2791 S.
792 2757 985 2791 Catharina
1012 2757 1114 2799 virgo
1141 2759 1177 2792 et.
1201 2759 1341 2802 martyr
1377 2757 1609 2792 alexandrina
1635 2757 1821 2792 facultatis
1847 2757 1978 2792 artium

215 2813 365 2855 patrona
391 2813 469 2845 crat
497 2811 676 2853 (Mederer
701 2810 723 2844 l.
751 2822 779 2845 c.
808 2811 833 2851 Ι,
860 2810 1000 2853 xxxn).

336 2865 347 2883 ⁵
374 2864 606 2898 Scholasticis
632 2863 734 2897 annis
755 2863 856 2904 1523,
886 2864 985 2905 1526,
1014 2863 1104 2898 1528
1123 2875 1247 2898 rursus
1273 2863 1502 2898 interdictum
1522 2866 1609 2906 erat,
1635 2876 1679 2898 ne
1697 2864 1868 2899 saltatum
1887 2863 1980 2897 irent

217 2928 306 2950 neve
333 2928 431 2950 arina
457 2919 656 2951 tractarent
686 2916 831 2960 (Prantl
857 2916 879 2950 l.
907 2928 935 2950 c.
964 2917 989 2957 I,
1018 2916 1116 2960 216).

337 2970 349 2988 ⁶
376 2970 470 3003 Infra
493 2970 662 3012 (monum.
683 2970 742 3013 56)
772 2970 975 3004 videbimus
1002 2980 1061 3003 eos
1086 2969 1230 3004 tandem
1249 2972 1478 3014 patronorum
1497 2970 1662 3015 precibus
1681 2980 1868 3004 concessos
1887 2980 1977 3003 esse.
