2113 3430
238 195 321 236 704
678 191 832 224 Monuni.
863 190 1039 234 (ingolst.)
1067 191 1122 225 56.
1153 190 1224 235 (16.
1252 191 1407 226 Ianuarii
1436 192 1552 236 1551.)

353 308 469 349 Idem
503 307 554 348 110
586 305 855 348 habitatione
894 305 1120 358 „Magistri
1151 306 1260 348 Ludi
1292 306 1473 361 literarij
1508 309 1622 363 apud
1646 309 1852 352 Sanctum
1874 310 1998 352 Mau-

233 373 406 414 ricium“
446 370 628 413 rettulit.
683 371 917 412 Decretum
949 373 1034 421 est,
1070 385 1125 413 ex
1157 374 1284 425 pacto
1317 375 1492 415 recente
1524 373 1635 416 hanc
1666 374 1754 416 ludi
1786 374 1996 428 magistro

232 437 292 479 illi
325 438 378 478 ab
411 436 602 477 eiusdem
636 435 844 477 ecclesiae
877 435 1065 489 parocho
1099 436 1510 479 subministrandam
1544 452 1651 481 esse.

348 500 589 542 Professori
622 500 791 541 cuidam
823 500 1062 542 medicinae
1094 501 1348 544 mandatum
1390 504 1478 552 est,
1521 506 1569 546 ut
1609 503 1724 547 intra
1765 506 1862 547 octo
1905 504 1995 546 dies

233 567 425 620 collegae
458 580 534 607 suo
575 565 706 615 „satis
738 565 903 608 faceret
936 566 989 608 de
1020 568 1176 620 porco“
1214 566 1286 608 illo
1319 567 1373 608 ab
1407 567 1564 610 abbate
1595 568 1726 611 misso
1743 570 1771 612 ¹.

351 631 522 681 Placet,
566 633 614 673 ut
658 631 1000 684 ,,00011013101“2
1034 631 1207 684 quidam
1241 645 1317 685 per
1361 632 1609 674 notarium3
1652 637 1901 686 moneatur,
1947 636 1996 677 ut

232 696 415 738 debitori
448 696 565 738 intra
598 695 949 748 quattuordecim
982 695 1073 737 dies
1105 695 1364 739 satisfaciat.

348 761 641 803 Deliberatum
683 763 772 811 est,
812 760 965 813 quibus
998 775 1094 802 cum
1127 761 1448 803 condicionibus
1479 776 1589 804 unus
1622 776 1676 804 ex
1708 764 1990 816 scholasticis,

229 826 301 880 qui
333 827 554 880 relegatus
587 828 694 875 erat,
735 826 813 876 „ad
845 825 1099 880 petitionem
1133 826 1276 868 domni
1305 826 1506 869 Doctoris
1540 828 1792 870 Stochamer
1813 829 1990 885 Patronj

227 891 383 934 iterum
417 892 573 933 debeat
605 891 735 944 recipj
770 905 924 945 nempe
957 891 1070 943 quod
1103 891 1314 944 quottidie
1355 892 1409 934 ad
1448 891 1588 933 minus
1628 893 1734 934 duas
1765 893 1991 937 Lectiones

229 957 486 1011 compleret,
530 956 628 998 Non
666 958 864 1010 portaret
906 970 1049 1006 arma,
1093 956 1278 1010 septima
1320 960 1436 999 esset
1476 956 1518 998 in
1561 957 1686 998 domo
1720 960 1764 1000 et
1794 962 1992 1002 maneret

227 1021 384 1063 ibidem
417 1023 461 1063 et
493 1035 577 1062 non
609 1020 811 1063 visitaret
843 1021 1048 1064 tabernas
1091 1022 1170 1063 sub
1211 1035 1350 1076 paena
1392 1021 1694 1064 reincidendae
1732 1023 1991 1066 exclusionis

228 1089 271 1128 et
322 1086 461 1128 hieme
514 1089 671 1128 octaua
723 1100 893 1140 semper
945 1086 1002 1128 sit
1054 1089 1099 1129 et
1150 1089 1325 1128 maneat
1377 1086 1420 1127 in
1473 1087 1597 1129 domo
1645 1090 1689 1130 et
1734 1101 1818 1129 non
1861 1092 1990 1132 exeat

227 1151 411 1193 domum.
423 1154 437 1170 ‘⁶

350 1216 585 1269 „Magister
606 1217 746 1258 Lucas
770 1216 990 1259 Guntzner
1012 1217 1129 1258 dedit
1152 1217 1327 1260 Rectori
1350 1231 1481 1259 vnum
1505 1217 1706 1272 Ciphuma
1733 1221 1988 1271 argenteum

224 1295 302 1335 pro
335 1281 515 1335 pignore
548 1295 700 1323 census
732 1281 1011 1323 monialium4
1052 1286 1099 1324 vt
1133 1285 1335 1336 expectet
1367 1297 1462 1324 cum
1495 1282 1708 1325 solutione
1740 1283 1795 1324 ad
1827 1283 1987 1326 festum

226 1347 266 1389 S.
301 1347 525 1389 michaelis
557 1347 789 1390 futurumst
811 1348 827 1374 5

1057 1435 1147 1477 56.

931 1520 978 1556 16.
1005 1520 1169 1556 Ianuarii
1195 1521 1279 1557 1551.

341 1602 394 1636 Ex
421 1602 496 1636 cod.
524 1614 658 1636 monac.
690 1602 931 1644 „Protocolla‘⁴
962 1603 985 1637 f.
1016 1603 1092 1637 184.

344 1690 510 1723 Canis-ins
544 1694 702 1723 senatum.
737 1691 847 1724 habet.
899 1691 952 1723 De
984 1692 1107 1724 debitis
1136 1695 1260 1734 poetae
1295 1693 1478 1724 cniusdam
1516 1690 1714 1735 „Murmtffl
1742 1697 1770 1724 er
1798 1692 1982 1725 cuiusdam

220 1744 382 1776 doctoris.
441 1744 524 1776 Tres
559 1744 747 1787 releyatos,
777 1745 988 1787 proceribus
1023 1745 1308 1787 deprecatoribus
1319 1772 1327 1788 ‚
1365 1747 1489 1778 iterum
1527 1746 1742 1789 recipiendos
1768 1756 1858 1787 asse,-
1893 1756 1982 1788 qnae

221 1797 441 1830 condiclones
469 1799 512 1829 iis
535 1798 714 1839 ferendae.

345 1880 598 1931 „Consilium
614 1880 911 1923 vniuersitatis
925 1881 1120 1923 habitum
1136 1880 1202 1922 die
1218 1881 1389 1923 veneris
1408 1883 1459 1923 16
1472 1881 1667 1935 ‚Januarij
1684 1881 1806 1922 Anno
1824 1882 1946 1922 1551.
1959 1882 1973 1898 “

339 1947 496 1987 Actum
530 1948 596 1987 est
629 1960 723 1987 cum
757 1945 1041 1988 creditoribus
1070 1948 1225 2000 po’e'tae
1259 1946 1480 1988 cuiusdam
1513 1946 1697 1988 laureati
1720 1946 1848 2000 paulo
1878 1948 1980 1987 ante

220 2011 391 2053 mortui.

342 2076 482 2126 „Jtem
500 2076 714 2130 Casparus
736 2076 889 2118 kuefer
910 2076 1140 2130 pannicida
1163 2079 1424 2129 conquestus
1447 2077 1529 2120 fuit
1550 2077 1601 2119 de
1621 2077 1763 2119 debito
1787 2079 1805 2118 1
1826 2075 1976 2117 floreni

218 2142 272 2182 53
316 2141 387 2182 (116
428 2155 509 2194 que
551 2141 819 2183 debebantur
860 2156 885 2183 a
928 2142 1082 2183 domno
1120 2142 1425 2197 Christophoro
1468 2143 1638 2196 Capffer
1670 2143 1858 2184 Doctore
1899 2155 1976 2195 pro

216 2220 358 2259 panno
390 2206 470 2247 sibi
512 2206 696 2256 credito,
740 2207 961 2259 allegabat
994 2206 1207 2259 Magistra
1249 2207 1417 2250 doctrix
1451 2207 1665 2262 Capfferin
1706 2207 1819 2259 quod
1860 2220 1975 2247 com-

215 2270 388 2325 parauit
420 2286 497 2325 pro
530 2271 617 2313 filia
651 2271 763 2324 quod
797 2286 880 2313 11011
910 2272 1146 2326 recepisset
1168 2272 1383 2326 Capfferin
1415 2273 1559 2315 dotem
1592 2286 1618 2314 a
1649 2286 1772 2313 50010
1790 2271 1975 2324 jdeoque

215 2350 299 2376 non
338 2338 561 2378 teneretur
593 2336 647 2378 ad
680 2336 938 2378 solutionem
979 2351 1055 2390 pro
1098 2337 1254 2379 marito
1295 2337 1559 2387 faciendam,
1603 2340 1648 2379 et
1690 2336 1974 2378 decreuerunt

214 2400 371 2442 domini
406 2416 501 2442 eam
534 2415 617 2442 11011
650 2401 787 2443 teneri
820 2402 874 2443 ad
907 2402 1163 2444 solutionem
1197 2417 1273 2456 pro
1306 2403 1474 2445 marite.

330 2466 518 2520 Jnsuper
550 2466 680 2509 etiam
714 2467 934 2508 decretum
967 2467 1048 2510 fuit
1081 2467 1133 2508 de
1166 2468 1303 2509 tribus
1345 2467 1578 2520 relegatis⁷
1621 2466 1732 2520 quod
1775 2466 1829 2508 311
1861 2466 1971 2520 peti-

213 2530 373 2573 tionem
404 2546 480 2585 pro
504 2531 565 2572 eis
597 2532 758 2574 factam
791 2532 947 2574 iterum
981 2533 1275 2586 reciperentur
1307 2533 1361 2574 ad
1395 2532 1735 2574 communionem
1769 2534 1813 2574 et
1845 2531 1971 2574 resti-

330 2681 342 2693 s*
367 2677 449 2715 sve,-
476 2677 721 2718 corrae'yendum
750 2677 886 2709 tlioeeris
913 2675 1081 2720 Sciphum
1110 2677 1157 2708 cvl
1184 2675 1369 2720 scyphum.

333 2811 340 2828 ¹
369 2809 418 2842 De
446 2808 510 2842 ha(-
538 2821 575 2842 re
603 2820 635 2843 v,
664 2820 771 2853 supra
798 2821 829 2853 p.
859 2809 936 2843 701.

329 2861 341 2881 ²
369 2861 516 2894 Pau-ochi
546 2861 717 2895 vicarium
746 2862 801 2894 vel
831 2861 1053 2905 capellanum
1082 2862 1318 2896 communiter
1344 2861 1393 2895 ita
1420 2863 1560 2895 vocant.

329 2916 341 2933 ³
369 2915 531 2947 loannem
560 2915 759 2959 Baptistam
789 2915 978 2949 Lochner'?
1017 2915 1161 2958 (l'ranll
1188 2915 1208 2948 l.
1237 2928 1265 2948 0.
1294 2915 1336 2955 ΙΙ,
1368 2914 1442 2949 188.
1473 2914 1568 2957 189).

328 2968 338 2985 ⁴
369 2967 574 3009 ingolstadii
595 2972 678 3001 tunc
702 2968 763 3009 „ad
783 2967 815 3002 S.
838 2969 1021 3001 Ioannem‘
1046 2968 1206 3011 virgines
1231 2979 1355 3002 sacrae
1375 2968 1509 3001 ordinis
1528 2966 1561 3001 S.
1582 2966 1762 3000 Francisci
1789 2965 1965 3009 degebant

213 3019 387 3051 {Madau-vr
414 3020 483 3053 1.1;-.
515 3021 536 3056 Ι,
564 3021 689 3063 xxm).

327 3072 339 3088 ³
366 3074 395 3104 Ν.
427 3073 506 3105 Maii
538 3074 848 3117 („;11·1›;u'itit›nis“)
878 3075 935 3108 vel
962 3075 1016 3108 29.
1038 3073 1257 3118 Septembris
1286 3073 1613 3117 (‚,dedicationis“).

327 3124 338 3139 ”-
365 3126 407 3155 .’‚:;
435 3126 635 3167 ‹frucigeros
665 3127 852 3169 (Kreuzvr)
882 3127 1076 3170 significari
1104 3130 1207 3171 p11t‹·;
1236 3128 1280 3161 (30
1307 3139 1398 3161 cruc.
1426 3142 1468 3156 z
1498 3127 1512 3160 1
1542 3127 1696 3159 florenus
1723 3124 1912 3159 rhenanus.

328 3175 338 3193 ἵ
369 3174 441 3207 [mo
469 3188 511 3209 ex
539 3177 594 3210 liis·
621 3180 721 3211 erant
748 3179 862 3219 iidem,
890 3180 931 3212 (10
959 3179 1087 3222 quibus
1113 3191 1221 3223 supra
1248 3191 1278 3223 p.
1308 3179 1386 3214 700.
