2113 3430
176 165 260 205 750
631 158 789 192 Monuni.
819 158 1059 202 (viennensia)
1091 159 1168 193 106.
1198 159 1477 204 (1554—1556.)

296 279 472 318 loannes
499 276 736 317 cardinalis
763 275 966 317 Moronns
990 277 1270 319 Ferdinando
1288 278 1323 319 I.
1351 278 1484 319 Roma
1511 280 1580 321 31.
1600 280 1938 334 Auyust51555:

293 393 300 399 .
328 392 334 398 .
362 392 368 398 .
397 392 403 398 .
439 356 559 406 Quod
592 356 646 398 ad
678 356 993 410 promotionem
1023 357 1182 399 domini
1204 358 1361 413 Canisij
1395 359 1450 401 ad
1471 359 1779 414 Episcopatuin
1803 360 1936 402 Vien-

174 436 347 465 nensem
390 419 589 476 [attinet]
634 435 703 462 res
744 420 830 463 iam
872 436 948 476 pro
992 422 1192 465 confecta
1233 426 1380 478 potest
1420 424 1582 467 haberi.
1634 439 1810 467 necesse
1853 425 1936 467 erit

172 486 397 542 prouidere
430 500 506 540 pro
530 485 810 540 expediendis
832 486 971 528 literis
993 487 1244 541 apostolicis
1267 502 1351 542 qua
1375 489 1426 531 de
1458 503 1504 531 re
1528 489 1724 532 dominus
1746 490 1935 532 Didacus

172 553 299 594 laxus
332 550 581 604 diligentius
614 551 854 605 perscribet
886 551 1110 595 Maiestati
1141 553 1182 594 V
1187 588 1333 596 .....

294 636 390 679 „Quo
416 640 563 683 accepto
589 637 748 679 nunti0“,
775 638 891 682 inquit
919 639 1134 683 Sacchinns,
1175 639 1358 683 ⁷,Ignat-ius
1384 640 1427 674 ad
1455 640 1680 675 Cardinalem
1707 641 1935 686 Carpensem,

174 703 242 735 quo
272 694 348 725 tum
376 691 531 725 Patrono
566 691 721 725 societas
758 691 946 732 vtebatur,
983 692 1139 727 aduolat.
1191 693 1391 728 Cardinalis
1426 693 1517 728 bono
1552 694 1670 728 animo
1705 695 1810 729 iussit
1846 706 1935 729 esse.

173 744 288 785 Modo,
316 744 451 788 inquit,
480 744 644 778 Canisius
670 744 746 789 ipse
774 746 942 778 constans
969 745 1004 779 in
1031 746 1210 780 renuendo
1236 748 1392 791 perstet,
1423 747 1459 781 in
1484 758 1541 781 me
1567 747 1698 792 recipio
1725 747 1936 782 Pontificem

172 798 380 842 neutiquam
407 798 479 831 vim
507 797 702 831 allaturum
728 797 853 831 invito.
897 797 1038 833 Scribat
1057 799 1101 833 ad
1120 798 1340 841 Pontificem,
1367 811 1458 844 quae
1476 811 1539 845 pro
1564 812 1631 834 sua
1654 812 1762 835 causa
1781 801 1936 841 habebit,

173 853 365 895 antequam
393 862 522 884 munus
549 850 737 885 admittat:
774 853 894 885 cetera
929 851 1015 886 mihi
1052 863 1158 886 curae
1189 854 1304 887 erunt.
1355 852 1453 894 Quae
1480 865 1561 887 cum
1587 853 1791 897 significata
1817 857 1937 888 essent

174 904 335 945 Canisio,
372 907 407 938 et
433 904 650 938 immobilem
678 905 917 939 constantiam
944 905 1142 946 obtineret,
1177 905 1292 940 noluit
1326 918 1464 940 summo
1490 906 1566 940 iure
1593 907 1646 940 vti
1672 906 1761 941 Rex.
1811 907 1937 951 Itaque

172 957 283 991 seculi
311 958 387 991 eius
413 968 505 991 anno
531 957 828 1001 quinquagesimo
854 960 958 992 sexto
976 958 1144 993 Iacobum
1163 959 1313 993 Lassum
1333 959 1527 999 admonuit,
1554 962 1594 993 vt
1612 960 1768 999 tandem,
1795 960 1937 1004 quando

174 1012 215 1045 de
253 1011 431 1045 sententia
470 1011 642 1045 dimoueri
680 1010 778 1045 nullo
815 1011 918 1045 modo
957 1012 1122 1046 Canisius
1160 1015 1300 1058 posset,
1339 1013 1490 1057 vrgendi
1529 1013 1604 1047 eius
1641 1012 1775 1058 negotij
1814 1024 1938 1047 curam

173 1064 362 1098 omitteret.
410 1064 560 1099 Iacobus
587 1076 647 1098 eas
674 1065 771 1109 ipsas
796 1064 920 1099 literas
946 1065 1171 1107 Ferdinandi,
1198 1077 1288 1110 quas
1314 1066 1421 1100 etiam
1448 1077 1532 1100 num
1558 1066 1742 1107 habemus,
1768 1066 1937 1101 Patribus

172 1117 300 1151 dedit.“
323 1118 331 1137 ¹

988 1185 1110 1226 106.

404 1272 465 1312 De
497 1272 675 1313 Oanisio
705 1272 989 1322 episcopatus
1018 1273 1282 1315 viennensis
1313 1273 1694 1314 administratore.

943 1356 1169 1392 1554—1556.

293 1437 435 1478 Eorum,
462 1448 554 1481 quae
574 1437 739 1473 Canisius
757 1438 792 1472 in
816 1439 1097 1473 administrando
1124 1439 1333 1484 episcopatu
1350 1439 1535 1473 viennensi
1562 1439 1675 1483 gessit
1688 1439 1710 1480 2,
1738 1439 1801 1472 vix
1819 1438 1939 1483 aliqua

174 1490 327 1534 vestigia
364 1491 397 1524 in
434 1491 593 1525 archivis
627 1491 883 1526 viennensibus
909 1504 1097 1537 superesse
1124 1493 1302 1527 videntur.
1354 1493 1527 1537 Equidem
1564 1504 1655 1526 anno
1684 1491 1773 1526 1889
1800 1495 1876 1526 tum
1901 1492 1939 1526 in

173 1543 320 1577 archivo
356 1543 557 1578 consistorii
594 1544 910 1589 archiepiscopalis
944 1547 1021 1579 tum
1056 1546 1092 1579 in
1128 1545 1369 1590 compluribus
1400 1545 1558 1580 archivis
1593 1544 1771 1579 caesareis
1803 1545 1938 1579 frustra

173 1596 346 1640 quaesivi.
398 1596 522 1641 Neque
549 1597 584 1631 in
611 1598 758 1631 archivo
785 1598 931 1643 capituli
964 1598 1230 1643 metropolitani
1266 1599 1458 1643 quicquam
1494 1599 1570 1633 eius
1606 1598 1747 1642 generis
1784 1601 1938 1639 exstare,

175 1650 497 1684 reverendissimus
522 1650 564 1684 D.
583 1650 716 1685 Doctor
741 1650 969 1686 Hermannus
996 1651 1192 1694 Zschokke,
1220 1652 1281 1696 qui
1306 1652 1435 1686 harum
1460 1664 1579 1686 rerum
1605 1651 1845 1696 peritissimus
1872 1653 1937 1687 est.

173 1714 295 1737 mense
313 1703 444 1738 Martio
462 1715 493 1738 a.
516 1704 605 1739 1894
623 1704 666 1738 ad
684 1716 740 1738 me
759 1704 913 1749 scripsit.
941 1705 1110 1747 Paucula,
1129 1717 1220 1749 quae
1238 1707 1448 1750 sequuntur,
1468 1717 1488 1739 a
1511 1706 1692 1739 Theodoro
1712 1706 1935 1738 Wieelemann

175 1759 364 1801 ponuntur,
393 1757 452 1801 qui
479 1769 519 1791 ea
546 1757 604 1791 vel
628 1769 749 1791 eorum
767 1760 907 1803 partem
926 1770 971 1792 ex
990 1758 1136 1792 archivo
1154 1770 1344 1803 supremae
1362 1758 1595 1802 vectigalium
1614 1758 1733 1792 curiae
1752 1758 1938 1802 utriusque

174 1810 343 1844 Austriae
373 1810 682 1853 („Gemeinsames
708 1811 743 1845 k.
769 1811 804 1845 k.
832 1811 1246 1856 Finanmninisterium“)
1274 1823 1294 1846 a
1320 1823 1358 1846 se
1384 1811 1515 1846 hausta
1540 1823 1619 1846 esse
1645 1811 1870 1855 significat3:

298 1863 383 1905 „Die
410 1864 646 1907 Verwaltung
680 1864 802 1898 fiihrte
838 1864 900 1898 der
933 1864 1077 1899 Officia]
1102 1865 1354 1910 Freysleben4‚
1391 1865 1556 1900 Canisius
1590 1864 1704 1899 selbst
1737 1864 1938 1898 kiimmerte

174 1916 251 1950 sich
279 1917 395 1960 wenig
421 1929 478 1950 um
507 1917 562 1951 die
584 1917 918 1961 Angelegenheiten
945 1918 1007 1952 des
1030 1918 1236 1952 Bisthumes
1264 1918 1317 1962 [2],
1344 1930 1383 1952 er
1408 1918 1502 1952 Iebte
1528 1917 1604 1952 rein
1629 1917 1747 1952 seiner
1773 1917 1938 1960 Aufgabe

174 1970 228 2003 als
247 1970 373 2011 Jesuit,
401 1970 479 2004 dem
507 1970 755 2005 Beichtstuhle
781 1971 852 2005 und
879 1971 941 2005 der
966 1971 1112 2006 Kanzel.
1147 1972 1223 2006 Nur
1248 1971 1379 2006 einmal
1404 1974 1478 2006 trat
1504 1984 1542 2005 er
1567 1971 1698 2005 hervor
1722 1971 1793 2005 und
1819 1973 1938 2005 unter-

173 2025 308 2057 stiitzte
334 2023 368 2057 in
394 2023 513 2057 seiner
539 2023 776 2067 Eigenschaft
802 2024 855 2059 als
882 2024 1250 2059 Bisthumsverweser
1276 2036 1334 2059 am
1362 2026 1392 2059 1.
1411 2025 1570 2059 Februar
1598 2025 1687 2058 1556
1715 2024 1782 2058 den
1800 2024 1938 2058 Bruder

176 2076 338 2118 Gabriel,
367 2076 548 2118 Quardian
575 2078 638 2111 der
664 2077 921 2112 Franciscaner
947 2078 1003 2112 bei
1030 2078 1080 2112 St.
1107 2077 1233 2112 Nicola
1260 2106 1266 2112 .
1296 2106 1302 2112 .
1332 2106 1338 2112 .
1365 2079 1598 2122 [Sequuntur
1625 2089 1684 2122 ea,
1711 2089 1801 2121 quae
1825 2088 1936 2121 supra

169 2142 207 2172 p.
233 2133 300 2163 :39⁸
320 2132 438 2173 posita
465 2131 588 2173 semtJ:
619 2131 707 2165 1556
734 2133 807 2165 trat
826 2131 989 2165 Canisius
1016 2131 1160 2165 zui-fick.
1204 2131 1268 2165 Die
1287 2131 1584 2165 Administration
1612 2131 1675 2164 der
1692 2129 1939 2175 Temporalien

175 2182 417 2217 iibernahmen
442 2183 613 2218 Nicolaus
638 2183 864 2228 Engelhard,
896 2184 1051 2229 Leopold
1079 2184 1191 2219 Ofner
1216 2185 1287 2219 und
1315 2184 1440 2219 Ulrich
1467 2184 1571 2218 Hain.
1624 2184 1712 2218 1557
1740 2183 1861 2227 legten
1887 2183 1938 2217 sie

175 2235 384 2280 Rechnung.
435 2237 511 2270 Aus
538 2237 654 2271 dieser
680 2237 879 2281 Rechnung
915 2238 1032 2280 ergibt
1066 2238 1163 2279 sich,
1199 2238 1283 2272 dass
1314 2238 1369 2272 die
1396 2237 1636 2272 Verwandten
1663 2237 1726 2271 des
1751 2236 1938 2270 Bischofes

176 2288 372 2322 XVertwein
407 2290 473 2324 mit
501 2291 591 2325 1200
619 2290 757 2324 Gulden
794 2291 1053 2334 abgefertiget,
1089 2291 1152 2325 der
1187 2291 1445 2336 Domprediger
1480 2290 1677 2325 XVertwein
1709 2289 1839 2335 jarlich
1875 2290 1939 2323 mit

178 2342 243 2376 100
268 2342 315 2383 fl.‚
342 2343 362 2376 3
381 2343 460 2376 Mut
479 2342 625 2377 Getreid
652 2344 723 2377 und
749 2345 770 2377 4
790 2344 932 2378 Klafter
958 2344 1048 2378 Holz
1074 2344 1236 2379 honorirt
1262 2345 1333 2378 und
1361 2345 1424 2378 das
1448 2344 1613 2378 Bisthum
1636 2343 1727 2388 jetzt
1751 2342 1939 2377 schulden-

175 2395 240 2429 frei
276 2407 360 2430 war.
411 2397 478 2430 Am
515 2396 570 2431 26.
599 2396 808 2441 September
841 2398 929 2431 1557
966 2397 1087 2432 befahl
1123 2397 1322 2432 Ferdinand
1359 2397 1423 2431 init
1459 2398 1538 2431 dem
1574 2395 1843 2431 Ueberschusse
1878 2395 1940 2429 der

177 2448 519 2484 Bisthums-Gefalle
550 2451 605 2484 die
632 2451 796 2484 Jesuiten
821 2451 857 2484 in
884 2450 972 2484 Rom
999 2463 1042 2484 zu
1068 2451 1271 2485 bezahlen.“
1292 2452 1305 2471 ⁵

296 2502 397 2536 Anno
426 2503 515 2537 1558
544 2504 719 2538 Antonius
748 2504 838 2537 Brus
865 2503 1054 2549 episcopus
1080 2504 1286 2538 viennensis
1313 2503 1530 2538 constitutus
1557 2506 1622 2538 est.

300 2615 306 2633 ¹
335 2613 386 2648 De
414 2615 488 2648 vita
516 2614 648 2649 Canisii
675 2627 709 2660 p.
736 2616 887 2649 84—85.

297 2668 309 2686 ‘-'
335 2667 491 2701 Litteras
517 2668 599 2702 Iulii
625 2669 708 2709 HL,
735 2668 847 2702 Roma
875 2669 906 2703 3.
934 2668 1148 2703 Novembris
1176 2669 1268 2704 1554
1293 2668 1416 2710 dat-as,
1455 2668 1583 2712 quibus
1609 2680 1649 2702 ea
1676 2667 1939 2702 administratio

178 2720 318 2753 canisio
345 2721 389 2754 ad
416 2733 545 2755 annum
573 2722 738 2766 imposita
766 2724 842 2763 est,
872 2721 952 2756 vide
979 2733 1087 2767 supra
1113 2734 1145 2767 p.
1174 2721 1372 2756 506—509.
1424 2721 1476 2756 Cf.
1505 2722 1613 2755 etiam
1639 2732 1747 2765 supra
1774 2732 1806 2765 p.
1833 2719 1902 2754 443
1917 2720 1940 2753 ³.

181 2774 356 2805 ⁴lsvlelmch
385 2774 475 2808 salso
501 2775 661 2809 affirmat
680 2775 860 2809 Canisium
888 2786 966 2809 eam
993 2775 1338 2809 administrationem
1365 2786 1396 2809 a.
1418 2775 1507 2809 1553
1534 2775 1736 2819 suscepisse
1764 2776 1799 2807 et
1824 2772 1938 2808 solum

180 2837 290 2868 ιι-ιιμιο
317 2827 359 2860 ad
387 2827 418 2860 3.
446 2827 659 2862 Novembris
687 2829 778 2862 1554
805 2828 962 2872 gessisse
993 2828 1029 2872 (l.
1058 2840 1086 2862 c.
1115 2828 1176 2869 ΙΙΙ,
1206 2828 1327 2871 111³).

298 2880 310 2898 ³
337 2879 550 2914 Geschiclite
578 2881 640 2915 der
666 2881 910 2915 Reformation
937 2881 1007 2915 und
1035 2881 1391 2925 Gegenreformation
1420 2882 1466 2915 im
1486 2881 1605 2915 Laude
1631 2883 1736 2914 unter
1762 2880 1824 2913 der
1841 2878 1938 2913 Enns

185 2930 211 2962 Π
243 2932 353 2974 ‹Prag
381 2933 498 2975 1880),
526 2934 582 2967 ³¹⁴2.

299 2986 309 3003 ⁴
338 2984 467 3018 Doctus
494 2986 772 3031 Clu-istophorus
790 2987 1007 3031 Freysleben
1034 2999 1054 3021 a
1080 2987 1135 3022 20.
1155 2987 1310 3030 Augusti
1332 2988 1420 3021 1547
1448 2998 1561 3030 usque
1588 2986 1631 3020 ad
1651 2986 1706 3020 26.
1724 2983 1938 3019 Novembris

183 3037 272 3069 153³:
303 3038 504 3076 ‚‹=f1icialis“
536 3040 763 3084 episcopatus
791 3040 994 3074 viennensis
1021 3041 1089 3074 fuit
1117 3040 1356 3083 (ll'iedemann
1386 3040 1408 3074 l.
1436 3052 1464 3074 c.
1492 3039 1534 3079 V,
1562 3038 1779 3081 566—567).

300 3090 312 3108 '⁰
339 3090 604 3125 Emendundum
640 3092 748 3135 igitur
785 3095 858 3133 est,
894 3093 985 3136 quod
1013 3093 1047 3127 in
1080 3092 1196 3135 „Sei-ie
1223 3093 1499 3138 Episcoporun1“
1530 3092 1717 3126 scribitur:
1757 3089 1939 3124 Canisium

182 3153 272 3175 anno
302 3143 389 3174 155*
427 3144 770 3178 administrationem
807 3146 1034 3190 episcopatus
1069 3147 1272 3189 resignasse
1302 3146 1356 3189 (P.
1384 3147 1425 3180 B.
1458 3147 1566 3179 Gams
1592 3144 1632 3178 O.
1660 3143 1694 3178 S.
1723 3143 1781 3183 R,
1821 3142 1939 3177 Series
