2113 3430
178 198 264 238 492
800 191 876 225 157.
914 189 947 224 S.
975 190 1138 234 Ignatius
1166 190 1317 225 Canisio.

177 311 323 354 condis
355 309 671 351 haereticorum
706 307 923 350 erroribus
955 308 1113 362 populo
1147 308 1278 350 etiam
1311 309 1517 360 conferet,
1551 311 1677 353 modo
1699 310 1947 353 necessaria

177 376 306 418 saluti
340 375 533 423 credant,
568 376 613 416 et
645 373 904 415 catholicam
935 373 1064 414 fidem
1097 374 1384 426 profiteantur
1416 375 1582 429 populi:
1616 375 1659 417 in
1692 376 1800 427 aliis,
1835 389 1945 429 quae

176 440 354 483 tolerari
387 441 580 493 possunt,
617 438 932 480 connivendum
965 440 1081 480 esset
1113 438 1327 481 fortassis.

295 505 520 547 Hactenus
554 504 605 545 de
628 503 706 553 his,
743 517 852 556 quae
885 503 941 545 ad
973 503 1278 545 convellendos
1311 518 1501 554 errores;
1531 506 1622 559 jam
1655 506 1706 548 de
1737 506 1802 557 iis,
1837 520 1947 559 quae

177 570 231 612 ad
264 569 547 624 plantandam
587 568 770 609 solidam
803 568 1004 611 veritatis
1047 568 1286 610 catholicae
1329 569 1567 611 doctrinam
1603 571 1834 624 pertinent.
1898 571 1947 612 In

176 635 325 689 primis
359 634 599 683 conferret,
639 633 675 674 si
707 634 804 675 Rex
835 633 879 674 in
911 633 1088 675 consilio
1121 633 1302 676 haberet
1335 637 1379 676 et
1411 634 1566 687 ubique
1598 636 1779 687 fover-et,
1813 637 1948 678 hono-

176 703 309 750 raret,
343 702 388 742 et
420 699 704 753 dignitatibus
734 698 1028 741 saecularibus
1052 701 1096 740 et
1119 699 1438 749 ecclesiasticiS,
1474 702 1519 741 et
1541 700 1672 742 etiam
1694 701 1945 751 redditibus,

177 769 353 808 ornaret
386 765 501 806 viros
535 763 770 806 catholicos
802 766 987 806 tantum.
1046 764 1334 806 Tantumdem
1367 764 1402 806 si
1435 765 1748 817 gubernatores
1780 769 1824 809 et
1855 781 1948 808 ma-

176 830 388 884 gistratus
430 833 474 872 et
507 830 677 871 demum
719 828 976 882 quicumque
1016 829 1286 883 praefuturia
1326 832 1371 872 et
1412 830 1720 873 auctoritatem
1760 831 1947 874 habituri

176 898 278 938 sunt
300 895 414 950 apud
437 895 557 945 alios,
594 893 797 937 catholici
830 893 1166 944 constituantur,
1201 897 1246 936 et
1265 895 1413 949 jurent
1436 909 1482 936 se
1515 895 1752 938 catholicos
1779 910 1949 951 semper

176 961 360 1003 futuros

296 1026 360 1067 De
402 1024 524 1067 bonis
555 1024 783 1079 Episcopis
824 1027 1058 1077 utcumque
1100 1024 1345 1076 accersitis,
1389 1025 1461 1078 qui
1503 1026 1701 1080 exemplo
1742 1028 1785 1068 et
1817 1027 1948 1068 verbo

177 1105 278 1132 suos
323 1090 626 1139 aedificarent,
673 1089 1021 1144 prospiciendum
1067 1091 1183 1132 esset
1231 1089 1463 1143 diligenter
1506 1090 1655 1144 Regiis
1704 1091 1949 1134 ditionibus.

178 1155 423 1197 Curandum
465 1155 597 1197 etiam
639 1157 776 1205 esset,
821 1154 1147 1197 concionatores
1186 1155 1524 1209 quamplurimos
1565 1170 1619 1197 ex
1655 1156 1951 1209 Religionibus

178 1223 223 1263 et
270 1220 436 1262 clericis
484 1220 778 1262 saecularibus
828 1222 872 1262 et
924 1220 1057 1262 etiam
1110 1220 1398 1262 confessarios
1450 1221 1688 1271 adducere,
1742 1221 1812 1275 qui
1858 1222 1949 1264 zelo

179 1285 312 1328 divini
344 1285 518 1328 honoris
551 1288 595 1328 et
626 1285 781 1327 salutis
814 1284 1055 1326 animarum
1088 1285 1345 1327 catholicam
1376 1286 1618 1328 doctrinam
1649 1286 1873 1329 ferventer
1906 1291 1949 1330 et

179 1351 350 1393 assidue
383 1350 553 1405 populis
585 1352 843 1404 proponant,
879 1353 922 1392 et
955 1351 1154 1404 exemplo
1178 1350 1296 1392 vitae
1330 1352 1606 1401 confirment;
1642 1354 1685 1394 et
1711 1352 1777 1393 his
1811 1352 1948 1406 digni-

180 1419 296 1459 tates
339 1420 382 1459 et
423 1416 669 1470 prebendae
709 1415 752 1456 in
786 1414 993 1457 Ecclesiis
1035 1416 1221 1457 conferri
1264 1416 1484 1459 deberent.
1549 1416 1606 1458 Hi
1646 1420 1824 1471 possent
1862 1417 1949 1459 dis-

181 1482 392 1523 currendo
424 1495 502 1535 per
524 1481 681 1535 oppida
714 1484 757 1523 et
779 1494 916 1534 pagos
949 1480 1098 1522 diebus
1129 1481 1254 1523 festis
1288 1482 1441 1523 docere
1468 1482 1672 1536 populum
1706 1497 1817 1535 quae
1847 1486 1949 1525 sunt

180 1547 313 1589 saluti
344 1547 585 1588 animarum
617 1546 956 1597 accommodata,
991 1549 1035 1588 et
1066 1546 1206 1588 redire
1238 1550 1392 1601 postea
1424 1547 1478 1589 ad
1510 1562 1611 1589 suas
1637 1548 1869 1599 Ecclesias,
1906 1551 1950 1590 et

180 1613 271 1654 sine
304 1614 479 1666 sumptu
511 1611 798 1664 Evangelium
832 1611 1100 1665 exponendQ
1134 1612 1275 1665 magis
1307 1612 1609 1655 aedificabunt.
1667 1613 1837 1656 Curatis
1868 1613 1947 1655 im-

179 1677 330 1732 peritis
363 1677 434 1719 vel
466 1677 679 1731 suspectis
713 1677 764 1718 de
790 1676 906 1718 mala
939 1676 1149 1727 doctrina,
1183 1677 1218 1718 si
1251 1691 1336 1719 non
1367 1680 1549 1731 possunt
1580 1678 1787 1720 beneficia
1819 1678 1948 1720 facile

179 1742 294 1793 tolli,
337 1742 501 1796 injungi
536 1744 780 1796 oporteret,
814 1744 863 1784 ut
895 1741 983 1783 suis
1014 1741 1220 1796 impensis
1252 1742 1416 1796 peritos
1449 1745 1493 1784 et
1526 1743 1659 1784 bonos
1692 1743 1833 1793 alant,
1877 1743 1949 1797 qui

178 1808 370 1862 ipsorum
392 1808 485 1849 loco
509 1807 714 1862 populum
745 1809 942 1861 pascant,
977 1810 1252 1850 sacramenta
1283 1807 1569 1850 ministrando
1601 1810 1645 1850 et
1667 1809 1847 1850 verbum
1868 1808 1949 1850 Dei

179 1873 499 1923 annuntiando,
544 1887 569 1914 a
612 1886 693 1925 quo
737 1871 877 1914 officio
920 1871 1004 1926 ipsi
1048 1872 1266 1914 abstinere
1308 1887 1354 1914 se
1399 1873 1570 1915 omnino
1615 1873 1835 1916 deberent.
1899 1873 1948 1915 In

178 1942 401 1992 posterum
441 1937 600 1979 nemini
634 1936 820 1979 conferri
862 1937 1039 1979 deberet
1071 1937 1325 1979 beneficium
1358 1942 1577 1989 curatum,
1621 1938 1693 1991 qui
1726 1937 1948 1980 examina-

178 2003 296 2046 tione
328 2003 617 2057 praecedente
649 2017 735 2044 non
767 2002 1036 2044 inveniretur
1068 2002 1306 2045 catholicus
1339 2005 1383 2044 et
1414 2003 1572 2054 bonus,
1608 2007 1652 2046 et
1683 2003 1950 2045 sufficienter

178 2068 438 2121 intelligens.
492 2069 551 2110 Et
582 2068 776 2110 redditus
808 2068 922 2110 tanti
949 2081 1044 2110 esse
1078 2068 1297 2119 deberent,
1331 2071 1379 2111 ut
1411 2068 1493 2110 viri
1524 2068 1767 2123 hujusmodi
1800 2083 1947 2110 curam

179 2134 398 2188 suscipere
430 2134 563 2176 talem
597 2147 681 2175 non
714 2136 978 2175 recusarent.

299 2200 459 2241 Omnes
500 2198 835 2240 universitatum
868 2198 939 2239 vel
980 2198 1299 2240 academiarum
1340 2199 1655 2251 gubernatores
1696 2201 1740 2241 et
1780 2198 1948 2252 profes-

179 2278 300 2306 sores
332 2264 512 2318 publici,
556 2267 649 2307 tum
681 2266 874 2305 rectores
907 2263 1187 2316 collegiorum
1219 2264 1515 2318 privatorum,
1548 2267 1641 2306 tum
1674 2263 1806 2306 etiam
1838 2262 1948 2304 ludi-

177 2329 398 2382 magistri,
440 2329 524 2371 imo
560 2331 604 2371 et
634 2328 879 2383 paedagogi
921 2342 1069 2370 omnes
1110 2328 1254 2382 prius,
1297 2328 1618 2371 examinatione
1659 2328 1947 2382 praecedente

176 2395 246 2436 vel
277 2394 584 2436 informatione
607 2396 789 2444 secreta,
825 2393 1025 2435 catholici
1056 2391 1268 2435 invenirib
1301 2396 1345 2436 et
1367 2394 1678 2436 catholicorum
1699 2393 1947 2436 testimonio

176 2459 467 2501 commendari
501 2459 656 2501 debere
688 2458 954 2509 viderentur,
988 2472 1117 2511 quam
1150 2459 1508 2507 admitterentur,
1543 2462 1587 2502 et
1614 2459 1762 2511 jurare
1784 2473 1830 2500 se
1853 2472 1947 2500 esse

175 2528 218 2567 et
249 2524 294 2565 in
325 2527 547 2578 posterum
579 2524 750 2566 futuros
792 2523 1028 2566 catholicos
1062 2524 1292 2574 deberent,
1336 2527 1380 2566 et
1412 2524 1448 2565 si
1480 2523 1723 2577 hujusmodi
1755 2523 1948 2565 homines

176 2589 407 2632 haeretici*
441 2603 535 2630 esse
569 2589 1007 2642 deprehenderentur,
1043 2588 1174 2630 etiam
1201 2592 1248 2632 ut
1270 2589 1431 2643 perjuri
1464 2589 1721 2642 gravissime
1744 2588 1948 2642 puniendi

177 2657 333 2696 essent.
384 2653 596 2696 Constitui
629 2657 852 2708 oporteret
874 2653 1055 2706 aliquos,
1090 2654 1160 2706 qui
1185 2668 1331 2695 curam
1364 2655 1576 2696 haberent
1608 2653 1781 2695 videndi
1815 2653 1946 2695 libros

179 2734 203 2760 a
236 2719 550 2762 mercatoribus
582 2719 815 2770 adductos,
856 2721 899 2760 et
933 2718 1004 2771 qui
1037 2721 1181 2760 essent
1214 2719 1486 2773 imprimendi
1517 2719 1559 2760 in
1593 2719 1742 2772 Regiis
1775 2718 1946 2760 ditioni-

179 2784 269 2833 bus,
305 2787 347 2825 et
371 2798 423 2826 ne
446 2784 518 2826 alii
542 2784 668 2825 vendi
690 2786 882 2838 possent,
911 2798 1039 2837 quam
1063 2783 1134 2837 qui
1156 2784 1308 2825 horum
1332 2798 1513 2826 censura
1536 2783 1765 2838 approbati
1787 2785 1944 2824 essent.

180 2849 405 2890 ⁴'onferret
437 2849 491 2891 ad
524 2850 604 2891 hoc
637 2849 880 2901 negotium,
924 2852 972 2891 ut
1004 2848 1233 2891 universae
1262 2849 1483 2903 juventuti
1516 2849 1693 2891 ubilibet
1731 2862 1839 2889 unus
1871 2849 1947 2888 aut

180 2913 292 2953 alter
325 2914 612 2956 catechismus
654 2917 730 2956 aut
762 2913 958 2955 doctrina
991 2913 1228 2956 christiana
1265 2916 1532 2968 proponatur
1564 2928 1589 2955 a
1621 2913 1709 2955 suis
1740 2925 1946 2966 praecep-

180 2976 365 3025 toribus,
401 2978 442 3018 in
478 2993 561 3031 qua
594 2993 761 3020 summa
795 2978 1034 3020 catholicae
1066 2978 1268 3021 veritatis
1302 2979 1596 3029 contineatur,
1640 2991 1766 3030 quam
1799 2979 1947 3018 terant

300 3133 311 3144 ·“
336 3128 548 3169 praefer-turi
582 3130 676 3162 Cart.
823 3128 836 3148 ¹⁴
861 3129 1063 3163 inveniendi
1094 3130 1190 3163 Cart.

300 3184 310 3194 “
339 3179 536 3213 Μάνη-Πυκνὶ
568 3182 663 3214 (fars.
