2113 3430
324 186 481 221 Monum.
510 184 752 229 (viennensi-a)
783 182 840 218 88.
870 182 915 226 (A
942 193 1064 216 mense
1089 180 1203 226 Aprili
1228 191 1342 224 usque
1368 178 1413 213 ad
1438 177 1567 212 Iulium
1595 177 1712 221 1554.)

229 301 479 344 [Quaeste'ones
504 302 688 344 regiminis
713 299 922 340 ansb-iaci]

329 365 383 399 De
408 364 824 399 transsubstantiatione.

215 429 272 463 An
299 429 423 463 credat
444 428 481 462 in
499 428 767 462 consecratione
786 425 1007 461 Sacramenti

146 481 396 517 Eucharistiae
438 481 677 516 substantiam
718 480 821 525 panis
859 482 895 513 et
933 478 1007 512 uini

145 535 278 570 mutari
312 534 349 568 in
384 546 512 579 corpus
548 536 583 568 et
618 533 831 578 sanguinem
866 531 1008 566 Domini

146 589 281 623 uirtute
315 588 506 622 uerborum
541 586 676 622 Christi
711 597 757 620 an
787 585 895 620 simul
929 595 1008 619 cum

149 652 294 686 corpore
309 640 440 674 domini
451 646 464 660 ³
478 640 718 675 substantiam
735 639 838 684 panis
856 649 1009 671 manere.

220 711 278 745 An
319 711 441 745 credat
478 713 541 745 aut
578 710 711 745 sentiat
747 707 1011 743 Eucharistiam

151 764 369 800 adorandam
396 775 486 798 esse.

278 840 330 874 De
356 838 522 884 sectarijs
548 836 885 872 consecrationibus.

224 904 328 939 Circa
348 904 521 938 sectarios
539 905 790 937 consecrantes
809 901 1014 936 Sacramen-
1031 902 1033 931 3

152 960 227 992 tum
267 957 380 1002 primo
422 957 664 1000 interrogetur
705 966 793 999 quos
835 952 1016 996 intelligat

153 1010 335 1045 ministros
371 1010 543 1044 ecclesiae
569 1020 614 1043 an
641 1009 747 1042 etiam
776 1019 835 1042 eos
861 1006 922 1051 qui
946 1017 1015 1039 non

154 1065 240 1098 sunt
264 1063 424 1107 legitime
445 1061 643 1097 consecrati
662 1062 706 1095 ab
724 1059 922 1106 Episcopis.
957 1057 1015 1092 Se-

155 1117 269 1152 cundo
296 1128 341 1150 an
367 1116 489 1150 credat
506 1115 729 1149 Lutheranos
755 1116 791 1147 et
813 1113 1016 1146 Buzeranos

156 1170 361 1205 sacerdotes
378 1169 561 1203 ministros
579 1179 658 1202 esse
678 1167 862 1201 ecclesiae.
897 1164 1017 1198 Tertio

158 1235 202 1257 an
229 1223 352 1257 credat
377 1234 480 1267 posse
506 1221 583 1255 fieri
615 1219 919 1255 consecrationem
945 1228 1016 1251 cor-

157 1277 255 1321 poris
291 1278 327 1310 et
363 1275 548 1319 sanguinis
583 1273 725 1308 domini.
767 1271 869 1307 sineb
903 1271 1018 1304 forma

159 1329 437 1364 consecrationis
455 1328 490 1362 in
508 1339 642 1362 canone
660 1326 791 1360 missae
815 1327 1017 1370 expressae.

160 1383 207 1416 Et
232 1382 314 1426 quid
337 1383 379 1416 de
396 1382 473 1424 ipso
500 1392 633 1415 canone
659 1379 790 1414 missae
816 1377 949 1412 sentiat
975 1387 1020 1410 an

161 1435 299 1481 possitd
321 1434 447 1469 omitti.

268 1512 320 1546 De
346 1509 660 1545 indissolubilitate
686 1506 914 1552 matrimonij.

234 1576 289 1609 An
321 1588 367 1609 ex
401 1574 578 1618 scriptura
608 1583 711 1607 sacra
746 1572 869 1606 credat
901 1569 1041 1618 matri-v

162 1629 320 1663 monium
338 1628 446 1662 etiam
464 1626 738 1672 superueniente
760 1625 1017 1659 fornicationee
1040 1620 1041 1650 ἶ

162 1681 409 1716 indissolubile
435 1692 523 1714 esse.
562 1679 618 1713 An
644 1690 728 1713 uero
755 1689 799 1712 ex
818 1677 893 1712 sola
918 1677 1023 1712 hone-

164 1735 270 1770 statis
295 1734 444 1768 ratione.

322 1810 374 1844 De
401 1809 624 1843 inuocatione
649 1808 866 1842 sanctorum.

237 1882 294 1915 An
313 1880 435 1915 credat
453 1881 597 1914 sanctos
615 1879 651 1912 in
669 1877 766 1911 coelo
785 1889 865 1911 cum
885 1876 1026 1911 Christo

168 1936 361 1979 regnantes
387 1934 455 1967 rite
482 1945 502 1967 a
529 1931 723 1966 Catholicis
748 1930 917 1964 inuocari.

347 2009 400 2043 De
426 2007 609 2042 miraculis
634 2008 850 2041 sanctorum.

240 2081 296 2114 An
332 2081 441 2122 neget
474 2077 646 2111 miracula
680 2077 780 2110 facta-
818 2087 896 2109 esse
934 2074 1028 2119 apud

169 2134 399 2168 monumenta
425 2133 628 2165 sanctorum
656 2131 691 2164 et
714 2128 798 2173 quid
817 2129 858 2162 de
876 2127 948 2162 illis
965 2127 1028 2161 mi-

170 2186 303 2221 raculis
329 2185 472 2220 sentiat.

208 2310 261 2344 De
287 2307 429 2352 ieiunijs
456 2309 491 2341 et
518 2305 734 2340 abstinentia
761 2316 781 2338 a
807 2303 984 2338 carnibus.

242 2379 297 2412 An
324 2377 445 2411 credat
480 2376 611 2410 ieiunia
637 2375 681 2409 ab
712 2374 863 2408 ecclesia
897 2373 1029 2407 indicta

173 2432 331 2475 obligare
349 2430 526 2464 hominem
544 2429 581 2463 in
599 2427 817 2463 conscientia
836 2428 944 2461 etiam
961 2438 1029 2460 non

173 2485 405 2520 concurrente
424 2482 591 2516 mandato
609 2481 846 2525 magistratus
860 2479 1032 2514 secularis

174 2541 207 2573 et
234 2538 320 2572 item
347 2537 389 2570 de
416 2534 632 2570 abstinentia
659 2546 678 2568 a
704 2533 881 2568 carnibus.

394 2612 446 2646 De
472 2611 567 2645 uotis
591 2609 811 2644 monasticis.

246 2684 300 2717 An
328 2682 451 2717 credat
476 2684 559 2715 uota
585 2681 784 2715 monastica
819 2691 863 2714 ex
889 2678 1053 2729 arbitrio¹

174 2737 339 2772 uouentis
381 2746 485 2780 posse
527 2734 679 2768 rescindi
722 2734 803 2767 dum
846 2731 1033 2777 presertim

174 2790 287 2836 ipsius
323 2788 539 2823 conscientia
566 2788 679 2821 dictat
712 2797 857 2820 causam
887 2784 1035 2819 subesse

175 2842 410 2878 rescindendi.

295 2954 306 2966 ³
331 2946 480 2980 dominis
506 2957 562 2988 ap.
590 2949 663 2977 (ml.

296 3001 308 3020 ‘³
335 3011 436 3045 posse
463 3010 519 3041 ap.
547 3003 619 3031 ant.

300 3107 313 3126 ¹¹
334 3106 490 3149 reliquas
517 3102 669 3148 dijudico
700 3102 779 3135 libr.
806 3113 873 3134 rer.

301 3160 314 3179 ¹³
336 3159 507 3193 ecclesiae
533 3158 613 3190 libr.
640 3167 706 3188 rev.

805 2941 818 2961 ¹³
841 2941 914 2975 sint
940 2941 1018 2973 libr.
1047 2951 1113 2972 rev.

763 3000 774 3014 ‘¹
798 2993 1008 3028 formatione
1035 2993 1113 3025 libr.
1141 3003 1207 3024 rer.

299 3054 308 3072 ¹'
332 3051 613 3087 indissolubilem
641 3050 720 3083 libr.
747 3060 839 3089 o·e‹·.;
865 3045 1100 3080 dissolubile?

1816 176 1899 218 735

1274 296 1475 338 [Responsa
1502 292 1670 334 Politcte]

1113 423 1192 458 Non
1229 422 1391 466 intelligo
1432 420 1645 466 mysterium
1683 416 1904 454 Sacramenti

1043 477 1149 511 liuius
1184 478 1247 510 aut
1273 474 1421 509 alterius
1447 476 1483 508 et
1508 484 1697 518 permaneo
1728 472 1764 506 in
1789 471 1902 516 prima

1045 541 1123 564 mea
1141 528 1362 564 confessione
1381 529 1417 561 et
1434 527 1478 572 ijs
1497 526 1637 571 quaein
1650 525 1739 559 meis
1757 523 1904 568 reliquis

1046 583 1190 628 scriptis
1216 581 1346 616 addidi.

1120 707 1224 741 Jdem
1246 706 1442 751 respondeo
1461 704 1554 749 quod
1572 704 1616 738 ad
1634 701 1906 748 praecedentem

1048 760 1249 794 articulum.

1122 901 1307 935 Ministros
1325 899 1498 934 ecclesiae
1516 897 1679 940 intelligo
1693 894 1908 930 sacerdotes.

1051 954 1257 989 sacerdotes
1290 952 1452 996 intelligo
1479 963 1537 985 eos
1565 962 1642 985 esse
1672 949 1733 994 qui
1759 948 1803 982 ab
1829 947 1909 992 Epi-

1052 1007 1169 1052 scopis
1195 1006 1348 1040 ordinati
1373 1007 1476 1045 sunt,
1512 1003 1683 1048 quosdam
1716 1001 1823 1036 etiam
1850 1001 1911 1044 qui

1053 1060 1096 1094 ab
1133 1059 1254 1104 aliqua
1290 1057 1500 1104 particulari
1541 1056 1692 1091 ecclesia
1734 1053 1911 1089 communi

1053 1125 1228 1147 consensu
1262 1113 1306 1146 ad
1340 1110 1579 1146 ministerium
1613 1109 1678 1143 sub
1713 1107 1778 1153 Dej
1813 1118 1912 1141 reue-

1053 1167 1168 1200 rentia
1187 1177 1232 1199 ex
1249 1166 1387 1210 piorum
1407 1166 1443 1198 et
1461 1164 1643 1198 doctorum
1663 1161 1809 1196 consilio
1829 1161 1913 1194 sunt

1053 1219 1192 1260 uocati,
1222 1218 1325 1252 credo
1352 1219 1455 1251 extra
1480 1217 1612 1250 missae
1638 1214 1912 1249 celebrationem

1054 1283 1182 1317 corpus
1197 1270 1331 1306 Christi
1349 1268 1549 1304 consecrari
1566 1280 1670 1313 posse
1689 1270 1725 1302 et
1742 1277 1913 1302 canonem

1055 1325 1170 1359 omitti
1196 1335 1311 1369 posse.

1130 1570 1242 1605 Credo
1285 1568 1532 1604 indissolubile
1570 1565 1639 1611 [2³]f
1677 1577 1756 1601 esse
1796 1576 1916 1610 super-

1040 1655 1041 1662 ,
1059 1625 1225 1659 ueniente
1250 1621 1515 1657 fornicatione

1134 1875 1232 1917 Quod
1259 1874 1305 1908 ad
1329 1885 1385 1907 me
1411 1872 1566 1917 pertinet
1595 1882 1663 1905 non
1688 1869 1833 1909 inuoco,
1868 1880 1921 1902 re-

1062 1929 1178 1973 liquos
1206 1927 1302 1972 [non]
1329 1924 1519 1971 dijudicoh.

1134 2074 1214 2108 Non
1239 2084 1330 2116 nego
1356 2072 1452 2106 facta
1472 2082 1550 2106 esse
1576 2069 1767 2116 praecipue
1793 2069 1828 2103 in
1853 2068 1922 2113 pri-

1065 2126 1208 2162 mitiuai
1237 2124 1415 2160 ecclesiak
1442 2125 1485 2158 ad
1513 2123 1817 2158 confirmationem
1840 2121 1922 2155 fidei

1064 2180 1306 2219 imbecillium,
1332 2190 1438 2223 saepe
1464 2180 1585 2211 tamen
1604 2175 1775 2211 Diabolus
1801 2174 1923 2210 simili-

1065 2235 1131 2268 bus
1157 2245 1195 2268 se
1222 2232 1424 2267 admiscuit.

1137 2373 1214 2408 Non
1245 2372 1360 2407 credo.

1141 2676 1265 2711 Credo.

1257 2941 1267 2956 ⁰
1293 2947 1484 2981 expressae
1511 2936 1590 2969 libr.
1619 2946 1684 2969 rer.

1240 3049 1254 3067 ’ἐ
1277 3041 1466 3076 formatine
1493 3042 1572 3075 libr.
1602 3052 1667 3074 rest.

972 3097 976 3117 ³
1008 3097 1193 3142 primitura
1220 3108 1277 3139 ap.
1304 3100 1375 3128 (net.
