2178 3430
324 205 404 232 :gx-1
808 189 850 222 Il.
887 188 1109 222 Prooemium
1137 189 1304 233 generale
1330 191 1439 225 totius
1466 191 1593 236 operis.

324 319 522 343 manorum
543 305 646 352 regis
668 305 741 342 sibi
763 305 1028 351 addictissimi,
1058 310 1095 343 et
1116 306 1154 343 in
1176 306 1340 344 ecclesia
1363 308 1589 354 cathedrali,
1620 321 1664 346 ac
1687 310 1940 348 contubernio
1969 323 2078 360 prae-

325 373 382 402 est
414 364 718 402 adulescentium
753 364 1052 404 ..archiducali‘.
1091 365 1330 414 Episcopatu
1351 369 1479 403 autem
1500 367 1703 405 viennensi
1725 371 1951 406 constanter
1970 382 2076 406 recu-

324 432 430 463 sato,
464 426 495 460 23.
526 422 756 460 Novembris
788 424 888 460 1554
919 436 941 461 a
970 423 1069 461 lulio
1099 424 1170 462 III.
1199 424 1383 473 pontifice
1413 425 1573 462 eandem
1603 426 1809 463 ecclesiam
1838 440 1907 476 per
1936 440 2076 465 annum

324 482 594 519 :ulministrare
633 483 805 527 iubetur,
855 486 970 531 atque
1017 482 1163 531 aliquot
1209 483 1407 521 mensibus
1453 487 1542 532 post
1588 483 1785 533 Pragae
1834 490 1871 523 et
1916 486 2078 534 Ingol·

324 540 482 578 stadii
513 541 761 589 collegiorum
793 541 1000 579 Societatis
1030 542 1117 579 lesu
1147 542 1270 591 prima
1298 542 1551 580 fundamenta
1579 543 1682 582 iacit.
1723 545 1824 582 Vere
1855 544 1947 582 anni
1975 547 2075 583 1555

328 604 459 641 ..Sum
472 613 540 637 ma
553 613 589 637 m
637 600 901 638 doctrinae
949 601 1004 637 ch
1017 601 1295 638 ristianae‘·
1348 605 1504 650 petente
1545 602 1790 641 Ferdinando
1837 617 1929 652 rege
1971 617 1991 641 a
2035 618 2077 642 se

324 659 577 707 compositam
608 658 645 695 111
686 660 807 696 lucem
839 659 991 697 emittit.
1047 659 1200 697 Primus
1230 659 1439 697 societatis
1469 660 1558 698 Iesu
1590 674 1659 709 per
1688 662 1936 700 Germaniam
1966 676 2075 712 supe-

323 718 462 755 riorem
493 718 827 767 praepositus
857 718 1206 766 provincialis
1237 719 1489 756 constituitur
1509 732 1531 756 a
1552 719 1588 756 S.
1610 719 1763 768 Ignatio
1787 723 1818 759 7.
1840 722 1940 759 1111111
1964 723 2076 760 1556.

325 777 467 814 Eodem
506 790 606 814 anno
645 777 975 815 Ratisbonam
1019 777 1215 815 concessit
1252 778 1299 815 ad
1340 778 1540 816 contiones
1578 779 1619 816 in
1657 780 1823 818 ecclesia
1863 780 2079 818 cathedrali

324 836 521 873 habendas
551 848 808 884 proceresque
837 835 875 872 in
906 835 1070 873 comitiis
1100 840 1361 885 congregatos
1389 837 1617 875 fulciendos.
1656 837 1702 875 In
1732 839 1922 888 colloquio
1950 843 2078 877 autem

325 895 522 943 religionis
553 908 654 931 anno
686 896 786 932 1557
820 895 1119 932 Υο1·1111111110
1148 895 1281 933 habito
1313 895 1492 934 Canisius
1532 896 1812 934 catholicorum
1849 900 1930 936 fere
1970 903 2072 937 ante·

324 954 510 1002 signanus
557 954 848 991 Melanchthoni
895 954 1197 1003 protestantium
1244 955 1464 1004 coryphaeo
1515 955 1659 992 acriter
1709 956 1869 995 obstitit.
1940 958 2077 995 Annus

322 1026 437 1062 porro
470 1014 570 1050 1558
600 1012 797 1050 Canisium
827 1013 922 1050 vidit
951 1013 1206 1051 Alsatiam
1245 1018 1283 1051 et
1313 1014 1546 1052 Suebiam
1575 1018 1869 1063 peragrantem,
1910 1016 2077 1054 Strau-

323 1072 529 1120 bingae,
569 1076 732 1120 rogante
760 1073 923 1109 Alberto
953 1072 1000 1110 Y.
1029 1072 1224 1110 Bavariae
1254 1073 1372 1118 duce,
1412 1074 1638 1111 abducendo
1677 1075 1725 1111 ab
1755 1074 1908 1112 haeresi
1936 1076 2076 1124 populo

322 1132 619 1177 incumbentem,
651 1131 681 1168 R
696 1144 847 1168 omani
872 1131 918 1168 ad
940 1131 1285 1180 congregationem·
1302 1133 1523 1180 generalem
1544 1133 1688 1170 ordinis
1718 1133 1778 1171 sui
1797 1138 2076 1177 accurrentem,

322 1191 412 1228 inde
441 1190 549 1228 iussu
573 1190 685 1228 Pauli
714 1190 781 1228 IV.
812 1203 898 1228 cum
919 1190 1080 1228 Camillo
1100 1191 1303 1229 Mentuato
1333 1192 1469 1230 nuntio
1499 1192 1713 1241 apostolico
1743 1192 1782 1229 in
1811 1192 2076 1230 Poloniam

324 1250 371 1287 ad
402 1249 556 1287 comitia
586 1249 889 1298 1.›iot1·coviensia
910 1249 1233 1299 proficiscentem.
1274 1251 1304 1287 Ε
1324 1250 1488 1288 -Polonia
1509 1264 1537 1288 a
1550 1251 1796 1290 Ferdinando
1817 1253 2075 1300 Augustam

322 1309 706 1346 'Vindelicorum
750 1314 956 1346 revocatus
1004 1309 1052 1346 ad
1100 1313 1331 1348 conventum
1378 1310 1552 1358 imperii,
1602 1310 1792 1348 ecclesiae
1840 1311 2075 1349 cathedralis

324 1373 567 1416 augustanae
606 1368 914 1406 contionatorem
953 1368 1188 1406 ordinarium
1218 1381 1333 1417 agere
1369 1369 1496 1418 coepit
1525 1382 1627 1407 anno
1660 1371 1782 1415 1559,
1821 1374 1985 1418 urgente
2014 1370 2075 1408 ad-

323 1428 476 1470 modum
506 1427 688 1476 capitulo,
719 1430 834 1476 atque
865 1440 909 1464 eo
938 1427 978 1464 111
1006 1440 1165 1464 munere
1194 1441 1263 1476 per
1284 1428 1500 1477 complures
1521 1441 1644 1466 annos
1673 1428 1902 1477 persistens,
1932 1430 2075 1467 multos

323 1490 588 1535 protestantes
626 1486 674 1523 ad
713 1486 919 1524 ecclesiam
957 1485 1190 1523 catholicam
1227 1486 1382 1524 reduxit
1422 1500 1467 1523 ac
1506 1487 1785 1524 catholicorum
1823 1488 1972 1525 animos
2002 1489 2076 1526 fer-

323 1559 531 1594 voremque
570 1558 693 1594 paene
733 1545 950 1582 exstinctos
991 1545 1179 1582 excitavit
1219 1550 1333 1594 atque
1371 1546 1572 1591 accendit,
1612 1559 1726 1583 carus
1763 1547 1993 1595 praesertim
2021 1548 2076 1584 111-

324 1605 499 1653 signibus
519 1604 596 1641 illis
617 1604 775 1642 familiis
791 1604 1056 1652 Fuggerorum
1077 1608 1114 1641 et
1130 1604 1404 1642 lVelserorum.
1436 1605 1557 1642 Simul
1576 1617 1756 1653 magnam
1778 1618 1935 1654 operam
1948 1606 2076 1654 posuit

322 1664 362 1702 111
393 1663 601 1701 condendis
623 1663 832 1701 Societatis
853 1664 944 1701 Iesu
965 1663 1140 1711 collegiis
1160 1663 1439 1709 Monachii,
1473 1663 1503 1701 O
1519 1663 1779 1712 eniponte,
1809 1663 2075 1712 Dilingae3

324 1723 433 1761 cuius
462 1722 613 1771 quidem
652 1722 826 1760 civitatis
864 1722 1122 1768 academiam,
1163 1724 1210 1759 ab
1242 1722 1386 1760 Ottone
1425 1722 1612 1759 cardinali
1646 1722 1904 1760 Truchsessio
1937 1723 2077 1760 consti-

322 1787 458 1828 tutam,
489 1782 643 1819 nomine
665 1781 872 1820 Societatis
893 1781 984 1819 Iesu
1012 1795 1113 1819 anno
1137 1783 1239 1818 1564
1267 1781 1440 1830 suscepit
1466 1781 1686 1829 regendam.
1725 1781 1853 1830 Atque
1878 1781 1955 1819 iam
1975 1795 2077 1819 anno

327 1842 426 1878 1502
457 1854 511 1890 sy
523 1841 649 1878 nodo
680 1841 1024 1886 tridentinae,
1055 1842 1103 1878 ab
1124 1841 1295 1878 eiusdem
1315 1840 1558 1889 praesidibus
1580 1844 1779 1886 evocatus,
1809 1840 1949 1878 iterum
1967 1840 2077 1878 brevi

324 1905 495 1949 tempore
525 1900 778 1946 interfuerat;
810 1900 932 1938 eidem
962 1899 1126 1937 concilio
1155 1900 1258 1936 haud
1277 1913 1413 1949 parum
1430 1899 1578 1949 profuit
1602 1912 1703 1937 anno
1732 1899 1908 1949 proxime
1929 1903 2075 1945 secuto,

325 1960 412 1996 dum
454 1959 742 2008 Oeniponte
784 1959 824 1996 in
865 1963 979 1996 coetu
1018 1959 1285 2007 theologorum
1325 1972 1347 1995 a
1387 1958 1633 1996 Ferdinando
1671 1958 1903 2007 imperatore
1941 1962 2077 1997 coacto

325 2018 558 2056 sententiam
589 2018 681 2055 dicit
711 2031 986 2066 caesaremque
1014 2017 1180 2066 privatis
1210 2030 1358 2066 quoque
1394 2017 1552 2065 monitis
1581 2024 1619 2061 et
1648 2017 1827 2066 precibus
1857 2030 1880 2054 a
1909 2017 2076 2055 sinistris

326 2077 499 2114 consiliis
537 2077 742 2114 abstrahit.
798 2078 913 2115 Anno
954 2079 1053 2114 1565
1096 2077 1220 2114 denuo
1260 2077 1456 2114 Romam
1497 2076 1605 2114 venit
1646 2077 1696 2114 ad
1737 2076 2078 2124 congregationem

325 2137 567 2185 generalem,
607 2149 704 2184 quae
734 2136 771 2174 S.
800 2136 1012 2173 Francisco
1043 2136 1211 2184 Borgiae
1247 2149 1426 2185 suprema
1457 2135 1665 2173 Societatis
1693 2135 1784 2173 Iesu
1819 2135 2079 2183 gubernacula

327 2195 527 2233 commisit.
585 2195 679 2232 Post
709 2208 827 2243 quae,
868 2208 969 2232 anno
998 2195 1075 2232 iam
1105 2195 1153 2232 ad
1182 2195 1298 2232 finem
1336 2198 1544 2243 xjergente,
1584 2208 1606 2231 a
1635 2194 1781 2242 Borgia
1808 2193 1990 2231 visitator
2020 2194 2079 2231 sui

327 2254 472 2300 ordinis
502 2267 570 2303 per
598 2254 838 2302 provinciam
867 2255 1080 2292 rhenanam
1109 2254 1354 2298 nominatus,
1386 2258 1423 2291 et
1454 2267 1475 2290 a
1504 2253 1573 2290 Pio
1602 2253 1670 2290 lv,
1699 2252 1882 2302 pontifice
1912 2253 2079 2290 nuntii

328 2313 615 2362 apostolici
643 2326 847 2350 munere
872 2317 1036 2358 auctus,
1065 2312 1409 2362 Herbipolim,
1440 2311 1777 2363 Moguntiam,
1808 2311 2078 2357 Coloniam,

328 2372 564 2418 Uliviam,
606 2368 960 2420 Osnaburgum
999 2371 1121 2417 adiit,
1154 2375 1197 2409 ut
1234 2372 1341 2419 leges
1379 2371 1612 2421 tridentinas
1650 2371 1916 2420 promulgaret
1953 2372 2079 2408 obser-

329 2431 551 2480 vandasque
593 2436 757 2468 curaret.
813 2432 849 2468 A
890 2444 969 2479 qua
1010 2427 1206 2479 legatione
1247 2430 1307 2467 Pii
1348 2430 1414 2468 IV.
1463 2434 1584 2468 morte
1633 2430 1835 2467 absolutus
1882 2433 1960 2475 est,
2009 2442 2079 2468 nec

328 2496 456 2527 tamen
496 2490 613 2538 quieti
652 2504 694 2527 se
724 2490 837 2527 dedit.
882 2489 1008 2535 -Nam
1031 2491 1264 2531 1111110151ἱὸ
1303 2482 1405 2526 inter
1444 2488 1654 2526 comitia
1691 2487 1895 2537 imperii
1935 2500 2080 2535 augu-

329 2556 368 2585 st
387 2562 498 2593 ana,
539 2562 623 2586 cum
662 2548 850 2586 cardinali
881 2548 1164 2586 Commendono
1194 2548 1253 2585 Pii
1282 2548 1327 2585 V.
1348 2548 1487 2596 legato
1518 2560 1594 2584 una
1624 2560 1708 2584 011111
1738 2546 1826 2584 aliis
1855 2546 2081 2594 quibusdam

329 2607 554 2654 111-00511115
583 2612 699 2652 esset,
730 2608 891 2644 multum
921 2609 1123 2655 fausteque
1152 2607 1367 2652 laboravit,
1398 2620 1446 2643 ne
1481 2619 1598 2655 ..pax
1627 2605 1930 2653 religionisb
1965 2618 2080 2653 augu-

330 2673 443 2708 stana
473 2680 495 2702 a
525 2679 672 2704 summo
701 2666 884 2715 pontifice
913 2671 1005 2703 tunc
1036 2679 1121 2703 cum
1152 2678 1298 2703 summo
1329 2665 1385 2702 rei
1415 2665 1630 2702 catholicae
1659 2664 1830 2713 periculo
1859 2664 2080 2701 reiceretur.

330 2724 471 2762 Eodem
503 2738 602 2762 anuo
635 2725 816 2762 L'dalrico
847 2738 869 2761 a
898 2724 1146 2762 Helt'enstein
1177 2724 1367 2772 dynastae
1397 2725 1515 2761 suebo
1546 2723 1752 2772 persuasit,
1783 2726 1823 2760 ut
1854 2736 1875 2759 a
1896 2722 2080 2759 Luthera-

330 2783 454 2820 nismo
485 2784 532 2820 ad
562 2784 672 2820 tidem
703 2783 933 2821 catholicam
964 2783 1108 2820 reverti
1137 2786 1339 2820 statueret.
1395 2782 1579 2830 Sequenti
1609 2786 1737 2819 autem
1767 2794 1867 2818 anno
1899 2780 2080 2818 Ottonem

332 2842 564 2879 cardinalem
596 2849 853 2889 augustanum
885 2842 922 2879 in
953 2842 1100 2890 synodo
1130 2841 1311 2889 Dilingae
1345 2840 1576 2878 celebranda.
1615 2840 1783 2885 adiuvit,
1823 2840 1859 2877 S.
1889 2839 2081 2876 51111115-

331 2902 458 2938 laum
489 2901 730 2938 Kostkam
762 2901 942 2948 lJilingae
981 2901 1128 2949 recepit
1158 2901 1393 2949 Romamque
1431 2900 1471 2937 in
1508 2899 1726 2937 tirocinium
1756 2898 1963 2936 societatis
1992 2897 2081 2935 Iesu

331 2960 567 3005 transmisit,
607 2960 880 3008 Herbipoli
919 2965 957 2997 et
991 2959 1171 3008 Spirae
1209 2959 1256 2996 ad
1294 2959 1532 2996 instituenda
1570 2956 1978 3010 eiusdeanocietatis
2008 2956 2080 2994 col-

332 3019 433 3066 legia
453 3032 609 3067 operam
631 3019 804 3063 contulit,
826 3018 1195 3066 ingolstadiensibus
1215 3018 1483 3067 philosophiae
1503 3015 1787 3066 professoribus
1807 3015 1915 3064 pacis
1937 3015 2082 3052 arbiter

333 3078 415 3114 snit.
474 3078 613 3114 officio
652 3077 862 3126 praepositi
906 3077 1158 3125 provincialis
1196 3077 1350 3113 tandem
1391 3089 1491 3113 anno
1525 3077 1624 3112 1569
1663 3075 1850 3111 liberatus
1888 3078 1968 3117 est,
2007 3086 2079 3122 quo

333 3136 750 3183 liberiusl)ili11gae
782 3148 920 3173 vacare
951 3144 1080 3184 posset
1104 3136 1328 3174 refutationi
1359 3134 1662 3172 centuriatolum
1692 3131 2080 3181 magdeburgensium
