2113 3430
597 190 752 224 Monuni.
783 189 958 234 (ingolst.)
988 189 1042 224 75.
1072 188 1144 233 (16.
1170 188 1252 222 Iulii
1280 187 1397 231 1556.)
1798 187 1879 228 721

127 310 213 357 [sic]
247 307 483 346 venerabilis
519 307 632 344 istius
670 306 872 344 societatis
902 307 1013 343 Iesu:
1054 318 1099 342 ac
1139 304 1311 342 eiusdem
1349 303 1551 341 secretarii
1588 302 1754 341 hominis
1792 302 1885 340 mihi

125 366 353 406 amicissimi
382 366 677 414 charissimique
698 365 858 403 Ioannis
889 365 935 402 de
955 364 1126 402 Polanco
1156 363 1269 400 binas
1288 365 1317 400 ¹:
1348 362 1429 400 Nec
1458 375 1535 399 non
1562 366 1717 400 vestras
1736 362 1882 408 literas,

125 425 296 477 pietatis,
327 425 471 462 amoris
506 424 760 473 candorisque
789 436 880 461 vere
902 422 1114 461 Christiani
1144 425 1183 460 et
1212 421 1394 459 catholici
1423 421 1580 470 plenas:
1613 420 1759 465 Quibus
1788 420 1885 458 nihil

125 484 318 535 potuisset
338 484 516 521 accidere
537 483 662 532 magis
683 486 837 532 gratum
858 485 925 520 aut
942 482 1164 531 jucundum.
1210 480 1393 518 Gratulor
1413 480 1524 518 nobis
1535 485 1548 498 ²¹
1575 480 1751 517 omnibus
1771 493 1885 529 quam

127 543 336 594 plurimum
377 543 475 591 quod
518 542 687 591 sospites
727 541 826 579 salui
864 540 1128 589 foeliciterque
1167 539 1414 577 adveneritis.
1479 539 1636 577 Gaudeo
1674 541 1774 588 quod
1811 540 1890 578 ista

130 602 337 652 provincia
359 601 432 638 Dei
453 605 530 650 opt.
550 614 652 638 max.
673 600 861 638 immensa
889 599 1131 648 benignitate
1161 599 1277 647 digna
1307 598 1358 636 sit
1383 598 1586 643 adventus,
1616 598 1740 646 magis
1761 602 1890 637 autem

131 661 290 699 virtutis
328 664 497 698 vestrae.
562 660 740 709 Optoque
780 662 819 697 et
856 671 1019 708 praecor
1057 657 1226 695 divinam
1264 671 1310 695 ac
1348 670 1534 694 summam
1572 657 1807 704 bonitatem,
1846 661 1889 695 ut

129 720 242 758 nobis
284 719 505 768 nostrisque
544 719 720 756 omnibus
750 718 915 766 gratiam
945 730 1054 754 suam
1081 717 1287 754 affluenter
1316 716 1592 754 communicet:
1631 719 1674 753 ut
1701 717 1890 765 quomodo

134 793 208 817 vos
238 779 362 828 ipsius
393 778 680 816 sanctissimam
718 778 959 815 voluntatem
996 780 1102 814 recte
1141 776 1329 813 docebitis
1366 777 1485 813 verbo
1525 779 1563 813 et
1601 776 1797 825 exemplo:
1837 776 1892 814 ita

130 839 256 877 nostri
287 851 381 876 sane
410 838 651 886 intelligant:
692 841 731 874 et
768 836 929 873 eandem
966 836 1139 885 perfecte
1179 835 1317 883 exequi
1344 835 1514 873 valeant.
1570 834 1690 872 Porro
1720 835 1821 883 quod
1848 835 1889 872 in

132 911 193 935 me
225 897 394 947 positum
425 897 498 934 erit
527 896 607 945 (qui
636 900 741 933 certe
769 908 904 944 parum
926 898 994 932 aut
1021 894 1118 931 nihil
1143 896 1316 943 possum)
1338 893 1678 943 persuasissimum
1697 893 1891 931 habebitis

130 970 201 995 vos
230 957 337 993 nulla
367 956 469 1005 apud
506 955 630 993 vestri
668 954 978 992 amantissimum
1014 953 1189 1001 indigere
1225 952 1388 989 alicuius
1428 952 1781 990 commendatione:
1821 953 1889 990 sed

131 1029 216 1053 mea
246 1019 384 1065 sponte
413 1028 482 1064 pro
511 1015 659 1052 viribus
680 1017 898 1063 promptum
919 1012 1285 1062 paratissimumque
1316 1024 1468 1061 semper
1498 1024 1583 1049 eum
1596 1010 1609 1028 ¹*
1626 1012 1888 1049 exhibiturum

132 1088 206 1124 quo
237 1078 508 1123 cognoscatur,
538 1087 598 1110 me
627 1086 698 1110 vos
728 1085 819 1110 vere
850 1075 889 1109 et
918 1071 1138 1110 Christiane
1169 1071 1350 1119 diligere:
1379 1070 1512 1119 jubete
1541 1070 1729 1119 imperate
1758 1084 1826 1120 pro
1847 1074 1890 1108 ut

131 1135 246 1180 libet,
287 1133 465 1182 quicquid
500 1145 659 1182 possum
697 1135 765 1169 aut
802 1131 914 1168 valeo
952 1131 1182 1180 praestabo:
1226 1130 1386 1167 eandem
1423 1129 1629 1175 invidiam,
1669 1130 1890 1178 linguarum

132 1193 337 1243 impiarum
366 1191 690 1236 maledicentiam,
721 1194 760 1228 et
788 1189 1099 1239 persecutionem
1120 1189 1321 1227 vobiscum
1341 1188 1470 1237 patiar
1499 1192 1537 1226 et
1558 1189 1706 1226 subibo.
1753 1189 1889 1227 Estote

134 1252 245 1289 modo
274 1251 434 1289 infracti
462 1251 502 1288 in
531 1264 576 1288 eo
607 1250 670 1298 qui
708 1262 802 1286 vera
832 1252 892 1286 est
930 1247 1153 1286 constantia
1185 1251 1224 1285 et
1260 1247 1467 1285 fortitudo:
1508 1251 1547 1285 et
1583 1251 1737 1285 vosmet
1774 1249 1890 1285 rebus

135 1314 291 1349 servate
319 1323 411 1348 vere
441 1309 621 1347 sec-undis
651 1322 728 1346 non
757 1307 870 1345 istius
899 1307 1012 1353 mali,
1052 1307 1119 1344 sed
1149 1306 1299 1344 aeterni
1328 1306 1486 1344 saeculi.
1543 1306 1627 1344 Hec
1657 1307 1784 1344 scribo
1812 1319 1891 1344 non

137 1370 379 1415 consolator,
410 1369 475 1417 qui
503 1382 526 1405 a
555 1368 665 1406 vobis
695 1366 1001 1404 consolationem
1031 1369 1217 1415 expecto,
1247 1379 1324 1403 non
1353 1365 1605 1411 fortificator,
1645 1365 1709 1414 qui
1739 1365 1891 1415 experti

137 1434 175 1466 et
205 1429 375 1466 scientes
405 1427 629 1477 praesentia
657 1426 842 1476 pericula,
874 1425 1147 1470 adversitates,
1177 1424 1483 1474 persecutiones,
1514 1424 1718 1462 fortissimi
1747 1424 1892 1463 Christi

138 1488 309 1525 athletae
340 1486 574 1524 advenistis:
614 1486 682 1524 sed
711 1488 754 1522 ut
781 1484 906 1533 magis
946 1488 1101 1522 constet
1129 1484 1175 1521 de
1211 1483 1338 1521 animo
1367 1496 1474 1528 meo,
1513 1487 1555 1520 ut
1584 1496 1670 1521 eum
1699 1497 1792 1532 erga
1820 1497 1891 1522 vos

139 1547 311 1596 apertius
342 1545 609 1594 cognoscatis:
649 1544 904 1582 Convenirem
933 1556 1004 1580 vos
1033 1546 1076 1580 ut
1104 1543 1145 1580 in
1173 1542 1396 1592 praesentia
1424 1543 1495 1579 hec
1526 1543 1784 1589 declararem,
1824 1543 1892 1581 sed

138 1609 297 1655 propter
311 1604 497 1654 principis
513 1604 572 1641 Ill:
594 1603 777 1641 mandata
792 1603 885 1640 mihi
906 1602 1083 1640 obeunda
1100 1602 1306 1639 commissa
1325 1601 1402 1638 iam
1422 1614 1499 1638 non
1519 1601 1626 1639 licet:
1649 1605 1688 1639 et
1706 1602 1790 1639 heri
1809 1615 1892 1651 per-

141 1677 232 1713 egre
263 1665 415 1701 domum
443 1663 562 1701 redii:
594 1662 796 1700 Adhibebo
826 1665 957 1699 tamen
986 1674 1136 1699 onmem
1166 1660 1405 1709 diligentiam
1433 1664 1476 1698 ut
1504 1664 1647 1709 quanto
1678 1661 1814 1698 citiuse
1845 1661 1893 1698 ad

139 1737 211 1761 vos
233 1723 387 1761 veniam
418 1722 546 1760 onmia
576 1735 706 1760 coram
729 1724 905 1766 tractem,
937 1733 982 1758 ac
1003 1720 1035 1758 si
1056 1720 1145 1768 quid
1165 1720 1253 1757 usui
1273 1733 1359 1757 esse
1378 1732 1555 1768 possum:
1587 1732 1665 1757 una
1684 1723 1892 1769 praestem.

140 1783 198 1820 De
217 1782 327 1820 libris
352 1782 541 1819 sollicitus
571 1794 648 1826 ero,
678 1784 721 1818 ut
749 1793 863 1829 quam
883 1779 1046 1829 primum
1067 1779 1125 1816 Ill:
1155 1779 1337 1828 princeps
1358 1778 1575 1827 Ratispona
1600 1779 1674 1815 huc
1694 1778 1853 1816 redierit
1867 1782 1891 1825 2,

140 1842 241 1891 quod
271 1841 380 1878 brevi
418 1842 588 1878 futurum
629 1844 709 1886 est,
748 1843 841 1888 puto
879 1839 982 1875 infra
1019 1838 1196 1883 biduum,
1236 1841 1278 1875 ut
1314 1837 1377 1874 vel
1408 1850 1492 1874 cum
1525 1850 1596 1874 sua
1624 1838 1893 1876 Illustrissima

139 1900 383 1938 Excellentia
412 1900 474 1937 vel
504 1912 589 1936 cum
618 1899 663 1937 D.
691 1898 848 1936 Hundio
879 1898 924 1935 de
955 1910 1000 1935 eo
1028 1900 1193 1934 tractem
1223 1909 1296 1945 quo
1325 1896 1407 1933 voti
1437 1899 1635 1945 compotes
1663 1896 1778 1935 fiatis.
1833 1897 1892 1934 De

141 1959 228 1997 aliis
248 1959 476 2008 quibusdam
496 1957 635 2007 scripsi
656 1958 704 1994 ad
723 1958 768 1995 D.
791 1955 1053 1994 Camerarium
1073 1954 1343 1993 universitatis
1358 1957 1381 1999 ³,
1413 1954 1476 2003 qui
1499 1955 1582 1992 sine
1602 1968 1709 1993 mora
1729 1955 1892 2001 curabit,

141 2031 189 2056 ne
228 2018 317 2067 quid
355 2018 403 2055 ad
440 2017 717 2055 necessitatem
757 2015 878 2061 desit,
917 2014 1185 2052 Reverendum
1215 2013 1413 2052 Canisium
1450 2013 1513 2062 qui
1551 2017 1641 2051 ante
1670 2014 1893 2052 Adventum

140 2082 314 2115 vestrum
334 2078 463 2125 Praga
492 2076 565 2113 fuit
595 2079 781 2113 evocatus
811 2074 1104 2123 Ingolstadium,
1135 2073 1212 2110 iam
1242 2076 1346 2110 certe
1375 2072 1468 2109 mihi
1497 2073 1682 2121 polliceor
1709 2074 1892 2122 majorem

140 2137 292 2174 itineris
322 2140 471 2186 partem
502 2134 738 2173 confecisse:
769 2135 832 2172 vel
853 2133 1084 2182 Ingolstadii
1104 2132 1216 2170 vobis
1244 2135 1491 2181 praesentem
1521 2144 1628 2170 esse:
1659 2132 1720 2170 sin
1749 2132 1894 2171 diutius

141 2196 357 2234 tardaverit
386 2199 541 2245 praeter
570 2207 720 2232 omnem
750 2206 857 2243 spem
887 2196 926 2230 et
955 2192 1184 2241 opinionem,
1216 2191 1340 2228 denuo
1369 2190 1592 2228 vocabitur:

261 2255 300 2292 Si
330 2255 419 2303 qnid
448 2254 551 2291 aliud
589 2257 650 2291 est
688 2256 755 2290 aut
784 2252 934 2290 accidet
970 2251 1009 2288 in
1049 2264 1120 2300 quo
1156 2253 1269 2298 grata
1306 2250 1418 2287 vobis
1457 2249 1508 2287 sit
1545 2262 1663 2299 opera
1700 2263 1806 2296 mea,
1847 2263 1895 2288 en

142 2315 313 2365 spondeo
343 2326 496 2362 semper
523 2315 738 2362 promptam
768 2315 807 2349 et
835 2314 1012 2360 paratam
1040 2322 1176 2358 meque
1205 2309 1348 2347 vestris
1370 2308 1633 2347 devotissimis
1654 2309 1894 2347 orationibus

142 2375 279 2412 iterum
308 2373 523 2421 iterumque
553 2371 797 2416 commendo,
831 2382 963 2407 onmes
993 2368 1192 2417 sigillatim
1223 2381 1271 2405 ex
1301 2368 1435 2405 intimo
1466 2367 1579 2406 corde
1609 2368 1772 2405 salutari
1800 2368 1895 2405 meis·

142 2433 272 2470 verbis
301 2433 463 2481 valeque
493 2430 677 2468 t'oeliciss:
708 2429 782 2467 dici
811 2428 1043 2478 percupiens
1072 2431 1297 2477 optansque.

264 2490 461 2529 Monachii
491 2490 588 2539 XVj.
619 2489 719 2535 Iulii,
750 2488 938 2537 MDLVJ·

408 2549 660 2587 Reverendae
689 2548 730 2586 P.
761 2561 796 2586 v.
1258 2545 1443 2582 Deditiss:
1474 2544 1688 2582 Amantiss:
1719 2557 1791 2593 que

1293 2604 1413 2641 Henr:
1445 2603 1743 2652 Schweyckher.

263 2684 490 2723 Reverendo
527 2683 567 2721 in
606 2683 759 2721 Christo
797 2681 905 2719 Patri
943 2681 1112 2718 Thomae
1142 2679 1403 2727 Noviomago:
1443 2678 1679 2716 venerabilis
1718 2678 1895 2717 societat:

146 2746 255 2783 Iesu:
288 2744 504 2791 Theologo:
541 2755 586 2780 ac
616 2742 787 2790 ejusdem
817 2740 997 2788 Collegii:
1027 2738 1075 2776 In
1103 2738 1345 2787 Ingolstadio
1375 2737 1531 2775 Rectori
1561 2750 1630 2775 suo
1659 2737 1897 2777 honorande.

265 2856 276 2868 ³¹
300 2850 466 2882 Fortasse
491 2848 692 2890 leyendnm:
717 2845 829 2879 vobis.
973 2843 987 2862 '³
1011 2846 1092 2885 δῖε,-
1116 2845 1267 2885 fortasse
1293 2843 1489 2886 leyendmn:
1515 2853 1580 2875 me.

265 2909 275 2921 ⁶
303 2904 356 2935 Ita
384 2903 482 2935 Riess
509 2902 687 2942 cor1·e.r1'l,·
713 2900 844 2943 quanto
871 2899 1069 2939 librarius·;
1095 2897 1339 2939 leyendunme:
1364 2895 1606 2939 quantocius?

271 3016 279 3035 ¹
307 3015 465 3057 Utraque
492 3011 645 3057 epistula
673 3011 818 3054 (Ignatii
844 3010 965 3049 latina,
992 3008 1137 3042 I’olanci
1164 3006 1300 3049 italica)
1329 3007 1373 3041 ad
1400 3004 1686 3040 Schweickerum
1713 3005 1796 3040 data
1822 3009 1899 3041 erat

149 3069 260 3102 Roma
286 3068 316 3102 8.
345 3066 435 3101 lunii
465 3066 564 3099 1556.
615 3064 656 3098 V.
685 3075 792 3108 supra
818 3075 850 3108 p.
878 3062 945 3096 624
961 3063 982 3095 ¹.
1502 3076 1505 3077 ν

267 3120 280 3142 ²
306 3120 475 3155 Albertns
501 3118 543 3152 V.
572 3117 788 3151 Ratisbonae
816 3116 868 3150 15.
896 3115 975 3148 Iulii
1004 3114 1092 3148 1556
1128 3112 1340 3146 Ferdinandi
1368 3112 1393 3146 Ι.
1420 3112 1558 3146 nomine
1585 3111 1737 3146 comitiis
1762 3112 1900 3157 imperii

149 3174 311 3209 sollemni
338 3184 434 3207 more
462 3171 644 3217 praefatus
671 3172 757 3204 erat.
904 3169 916 3188 ³
942 3169 1108 3202 Ioannem
1135 3165 1349 3209 Agricolam.

219 3237 491 3268 Braunsbergc
502 3244 528 3265 r,
549 3236 656 3260 Canisii
678 3234 833 3265 Epistulae
852 3234 882 3258 et
902 3234 985 3258 Acta.
1010 3232 1031 3256 1.
1579 3225 1621 3257 46
