2113 3430
555 198 634 233 208.
671 199 835 234 Canisius
861 198 895 233 S.
922 199 1072 243 Ignatio.
1118 201 1171 236 17.
1199 200 1292 234 Iunii
1320 201 1421 235 1556.
1793 204 1875 245 637

114 319 166 360 ob
193 330 284 358 rem
306 319 408 370 peto
431 315 646 370 significes
670 317 722 359 de
745 319 863 360 statu
886 316 1064 370 Collegij
1089 317 1333 370 Pragensis,
1369 318 1439 371 qui
1461 319 1680 372 procedat,
1706 319 1878 371 quando

112 382 272 424 fratres
304 381 443 423 Roma
475 385 680 436 expectes
711 384 822 432 tuos,
857 384 901 424 et
933 395 1061 434 quam
1095 382 1164 423 diu
1197 385 1242 424 te
1274 383 1400 426 isthic
1433 397 1580 437 speres
1612 398 1874 426 mansurum.

112 446 156 488 Si
189 460 271 499 quo
303 446 429 488 modo
460 461 646 501 possem,
681 460 878 501 cuperem
912 446 1083 488 omnino
1116 449 1161 488 te
1187 448 1356 501 Pragae
1388 448 1587 490 inuisere.
1641 448 1758 490 Nihil
1791 448 1876 491 ita-

112 525 193 564 que
225 524 337 552 nunc
369 511 422 552 ad
456 525 520 562 ea,
555 525 664 565 quae
696 510 927 565 scripsisti,
962 511 1224 564 respondeo,
1266 527 1392 565 quam
1427 513 1538 566 quod
1572 513 1713 554 omnia
1746 513 1874 555 uelim

111 578 187 618 aut
217 575 261 617 in
292 576 585 630 praesentiam
608 575 832 629 Vtriusque
853 575 1003 626 nostri,
1039 579 1114 618 ant
1147 579 1264 619 certe
1286 577 1328 619 in
1362 577 1628 620 occasionem
1662 577 1875 620 scribendi

109 640 364 694 pleniorem,
406 641 589 684 differre.
653 640 882 683 Rescribas
914 643 962 683 tu
995 640 1163 693 quidem
1197 642 1255 683 mi
1288 642 1429 684 Canisi
1461 657 1545 684 non
1578 642 1679 695 quid
1713 643 1873 685 sentire

109 719 178 747 me
209 705 318 747 nelis
351 705 471 758 (nihil
506 706 617 748 enim
651 705 729 747 nisi
754 705 1020 747 Catholicum
1053 707 1280 760 spopondi)
1314 708 1389 748 sed
1422 721 1504 760 quo
1532 707 1573 748 in
1596 708 1689 748 loco
1723 710 1767 749 et
1790 722 1872 761 quo

109 770 264 812 uirium
297 785 493 812 connexu
525 785 604 813 nos
637 785 767 824 agere
799 770 951 812 deceat
984 784 1035 812 ea
1068 785 1177 823 quae
1210 772 1431 814 Ecclesiae
1468 775 1722 814 succurrant
1753 773 1873 814 labo-

109 835 223 877 ranti
256 837 299 877 et
332 836 463 878 sectis
496 839 683 889 queant³
726 835 1018 877 crescentibus
1063 836 1284 879 obsistere.
1359 836 1550 879 Tametsi
1592 851 1677 878 non
1721 836 1872 889 ignoro

110 914 235 953 quam
270 900 348 942 sin]
382 901 632 951 imbecillus,
667 903 812 943 tamen
845 903 893 943 ut
924 901 1055 942 robur
1086 915 1171 942 non
1203 916 1406 954 magnum
1435 902 1504 952 sit,
1537 902 1663 943 fidem
1697 915 1871 956 possum

109 979 194 1007 non
233 965 552 1008 inconstantem
592 965 795 1020 polliceri.
859 965 920 1007 At
951 979 1054 1006 vero
1092 965 1256 1008 utinam
1300 981 1444 1008 coram
1476 967 1584 1008 haec
1626 966 1870 1019 aliquando.

109 1030 435 1072 Commendabis
476 1045 544 1072 me
584 1030 747 1072 Amicis
787 1029 872 1072 tuis
911 1033 955 1072 et
996 1044 1101 1083 quos
1142 1031 1277 1081 nosti,
1321 1031 1522 1074 Patronis
1564 1031 1869 1074 communibus.

108 1095 393 1149 Inprimisque
425 1095 482 1138 M.
506 1096 557 1138 D.
583 1096 750 1138 ,Jone¹.
797 1095 907 1137 Vale
941 1098 984 1138 et
1016 1095 1223 1146 rescribe,
1258 1096 1293 1137 si
1325 1097 1407 1138 huc
1439 1111 1523 1138 non
1554 1097 1717 1151 poteris
1749 1100 1871 1139 recta

109 1174 299 1214 semper,
342 1160 505 1214 poteris
547 1163 664 1203 certe
697 1160 1026 1202 wratislauiam
1069 1161 1278 1214 quottidie
1311 1162 1379 1203 uel
1423 1162 1475 1203 ad
1509 1161 1869 1203 Archidiaconum

109 1225 290 1266 Paulum
306 1226 322 1252 2
354 1226 423 1267 uel
446 1226 500 1267 ad
522 1225 630 1267 alios
656 1225 923 1267 necessarios
949 1228 1133 1268 nostros.
1178 1226 1338 1268 Datum
1360 1226 1517 1268 Nissae
1543 1228 1595 1268 14
1619 1226 1686 1268 die
1708 1227 1870 1269 Mensis

108 1289 225 1345 Junij
258 1290 384 1332 Anno
416 1290 588 1332 Domini
623 1291 748 1333 1556.

1204 1421 1424 1464 addictiss.
1459 1422 1573 1464 Frid.
1609 1422 1757 1476 Stapli.

226 1513 479 1555 Reuerendo
521 1528 571 1555 ac
612 1514 872 1556 Doctissimo
914 1513 1006 1556 uiro
1048 1515 1098 1557 D.
1142 1515 1272 1557 Petro
1314 1515 1484 1557 Canisio
1526 1516 1743 1569 Theologo
1785 1520 1867 1559 etc.

106 1578 276 1630 Pragae
308 1578 351 1619 in
384 1578 595 1621 Coenobio
627 1579 678 1621 D.
713 1579 943 1621 Clementis
975 1579 1112 1621 amico
1146 1583 1189 1622 et
1221 1580 1381 1623 fautori
1415 1595 1504 1623 suo.

920 1730 1050 1771 208.

836 1829 1132 1878 CANISIUS

662 1927 940 1971 SANCTO
973 1928 1302 1972 IGNATIO.

765 2023 889 2070 Praga
914 2023 960 2060 17.
985 2024 1079 2060 Iunii
1105 2024 1198 2061 1556.

224 2104 280 2138 Ex
307 2105 530 2150 apographo,
558 2105 700 2140 circiter
726 2117 756 2140 a.
786 2107 874 2141 1865
902 2119 922 2141 a
949 2109 1062 2141 ΒΘΗ-0
1089 2109 1240 2153 scripto,
1269 2110 1304 2142 et
1329 2111 1453 2153 postea
1481 2108 1609 2143 collato
1636 2120 1715 2142 cum
1742 2109 1864 2143 arche-

103 2161 191 2203 typo
229 2157 409 2201 (Canisius
444 2160 584 2192 tantum
618 2159 845 2204 subscripsit)
883 2160 919 2194 in
955 2161 1030 2195 cod.
1071 2161 1221 2206 „Epistt
1258 2162 1296 2195 B.
1333 2161 1431 2195 Petri
1468 2161 1599 2196 Canisii
1635 2162 1681 2195 Ι.“
1726 2174 1757 2207 p.
1795 2163 1864 2196 216

104 2211 230 2257 posito.

223 2270 339 2305 Huius
374 2270 548 2315 epistulae
574 2271 691 2305 versio
717 2271 848 2314 latina,
884 2272 1026 2307 saeculo
1053 2273 1166 2307 XVII.
1192 2273 1250 2307 vel
1277 2273 1408 2308 XVIII.
1436 2274 1551 2314 facta,
1588 2273 1649 2307 sed
1676 2285 1801 2308 manca
1829 2277 1863 2308 et

103 2326 161 2358 sat
186 2324 326 2365 vitiosa,
354 2325 475 2358 exstat
500 2323 535 2357 in
562 2324 637 2358 cod.
663 2336 799 2359 monac.
831 2325 928 2367 „Lat.
958 2326 1082 2368 1606“,
1109 2327 1134 2361 f.
1161 2326 1217 2361 81.

223 2383 407 2428 Epistulae
447 2384 584 2427 partem
621 2383 732 2417 edidit
761 2385 895 2429 Boea-o,
935 2383 1076 2419 Canisio
1112 2398 1144 2430 p.
1174 2385 1370 2420 120—121.
1430 2385 1568 2419 Vitiosa
1605 2385 1664 2419 illa
1700 2386 1864 2419 versione

104 2447 190 2470 usus
217 2439 273 2470 est
298 2437 398 2469 Riess
423 2436 446 2470 l.
474 2448 502 2470 c.
529 2448 562 2480 p.
593 2436 669 2478 163,
696 2437 813 2471 adnot.
843 2438 872 2471 1.

227 2520 271 2551 Se
289 2523 462 2561 paratum
482 2529 560 2561 ess-e,
591 2518 708 2552 Ottom'
733 2520 915 2552 cardinali
932 2526 1129 2563 (lassus-{ano
1159 2523 1249 2554 inter
1276 2522 1415 2554 comissa
1445 2522 1584 2563 imperii
1609 2521 1864 2553 1·at1’sltonenss‹c

103 2573 244 2604 sei-cire.
296 2572 349 2604 De
384 2572 535 2614 collegiis
565 2574 735 2615 pragyensi
766 2577 795 2605 e!
823 2573 1097 2615 [myolstadimzsi.
1149 2575 1189 2607 Iu
1223 2575 1417 2607 Germania
1449 2575 1550 2616 {essem
1587 2574 1863 2616 eeclesiasticam,

105 2635 174 2667 qua
209 2625 325 2666 fideles
359 2624 467 2657 It'bros
503 2624 757 2658 haereticorum
793 2627 902 2668 Ieyere
933 2632 1108 2671 refentztr,
1146 2628 1286 2670 nessessi.
1338 2628 1450 2659 Sociis
1486 2638 1602 2659 eornm
1641 2627 1861 2669 lefsendorum

99 2682 299 2720 pmestarem
337 2678 434 2710 valde
469 2680 700 2711 necessariam
726 2690 804 2712 esse.
856 2679 1005 2712 Librum
1034 2681 1293 2713 awriu‘ssv'mnm
1332 2685 1453 2713 contra
1491 2680 1731 2712 catechisnmnz
1759 2690 1861 2712 snum

105 2732 140 2763 in
183 2731 288 2763 lucem
326 2732 484 2763 emissum
525 2741 602 2764 esse.
663 2731 756 2764 Num
796 2733 1035 2774 confutandus·
1071 2735 1125 2766 sit.
1186 2734 1345 2766 Eandem
1387 2733 1628 2765 catechismum
1664 2734 1864 2775 yermanive

104 2795 238 2817 rersmn
267 2795 344 2816 esse.

224 2934 236 2947 ³
261 2928 425 2971 Staphylf
451 2929 700 2960 (11²1({nu(')1.'5l.s·.'
726 2939 817 2971 quae
844 2927 934 2969 ianr:
961 2931 1022 2972 qui
1048 2930 1232 2962 (liclanfem
1263 2941 1329 2963 non
1361 2931 1538 2963 [mellea-ir.

227 3074 236 3094 ¹
262 3072 389 3107 Iacobo
415 3072 530 3113 Ionae,
560 3071 772 3105 Ferdinandi
799 3071 894 3115 regis
920 3071 1226 3106 vicecancellario.

224 3126 237 3146 ‘⁸'
262 3125 599 3160 Archidiaconatum
626 3124 959 3166 vratislaviensem,
991 3136 1081 3168 quae
1116 3124 1261 3170 capituli
1290 3125 1384 3159 illius
1411 3125 1518 3159 tertia
1549 3126 1742 3170 „‹lignitas“
1775 3130 1861 3169 crat,

107 3179 240 3213 Paulus
267 3179 446 3213 Craeneus
473 3177 516 3211 ab
543 3189 634 3211 anno
663 3177 752 3212 1553
780 3178 822 3211 ad
852 3178 938 3212 1571
969 3177 1093 3212 habuit
1124 3178 1297 3221 (Kameer
1322 3179 1344 3213 l.
1373 3191 1400 3213 c.
1428 3191 1461 3224 p.
1489 3179 1586 3223 279).
