2113 3430
172 197 288 226 XXIV
658 181 701 215 ΙΙ.
737 180 963 215 Prooemium
989 179 1158 225 generale
1184 180 1295 215 totius
1322 180 1449 226 operis.

174 299 414 349 Hippolytus
455 298 718 336 Guarinonius
757 298 929 336 medicus
968 301 1007 336 et
1043 298 1296 336 historiarum
1335 298 1504 348 scriptor
1541 297 1692 347 pectori
1728 310 1943 348 appensam

175 363 332 407 portare
363 357 535 402 solebat,
569 370 655 395 cum
684 357 798 395 annis
830 359 929 395 1611
963 360 1002 395 91
1033 358 1147 402 1634,
1181 357 1408 406 pestilentia
1436 369 1618 406 magnam
1647 359 1799 408 partem
1827 358 1942 396 comi-

172 421 280 454 tatus
309 416 507 454 tirolensis
537 416 762 463 infestante,
794 420 977 465 aegrotos
1006 416 1207 462 visitaret3
1239 415 1304 465 qui
1333 416 1449 454 etiam
1473 416 1618 454 tabulis
1642 416 1700 454 15.
1722 416 1818 454 Maii
1840 417 1941 455 1650

175 476 302 514 Halae
326 475 375 512 ad
397 475 548 513 Oenum
578 475 768 513 confectis
798 478 935 513 sancte
956 478 1126 513 testatus
1156 478 1217 512 est
1246 488 1288 512 se
1307 474 1398 512 huic
1419 475 1610 525 epistulae
1634 475 1942 514 incolumitatem

177 547 288 572 suam
319 537 521 584 acceptam
551 535 697 572 referre
716 537 737 573 ¹.
793 534 977 572 Proximo
1008 534 1188 579 saeculo,
1219 547 1306 571 cum
1336 533 1483 572 Oanisii
1512 534 1659 584 scripta
1687 534 1728 572 in
1757 547 1943 584 processu

176 593 481 632 beatificationis
510 593 593 631 eius
624 594 669 631 de
699 607 804 631 more
842 596 1238 642 recognoscerentur,
1279 592 1398 631 etiam
1427 594 1476 630 30
1506 594 1588 632 fere
1618 593 1810 643 epistulae
1841 593 1944 632 cani-

177 652 314 690 sianae
345 665 537 691 excussae
568 657 606 690 et
636 666 658 690 a
688 666 803 690 sacra
831 652 975 691 rituum
1005 652 1311 701 congregatione
1339 653 1527 702 probatae
1557 656 1648 691 sunt
1662 655 1685 691 ².

297 717 504 756 Centum
544 717 744 756 Oanisii
784 717 1046 767 epistulas
1084 717 1124 755 in
1153 717 1339 755 Helvetia
1377 717 1618 766 collegerant
1646 717 1750 755 Socii
1788 717 1943 766 collegii

176 776 448 825 friburgensis,
482 777 586 826 prelo
617 776 877 822 subiciendas,
909 780 947 814 et
976 776 1089 814 hodie
1119 789 1270 825 quoque
1301 776 1469 826 diploma
1499 779 1643 822 exstat,
1674 789 1747 826 quo
1773 776 1943 815 Christo-

176 836 322 885 phorus
345 835 544 882 Schorrer,
576 835 786 874 Societatis
806 836 897 874 Iesu
927 849 996 885 per
1016 835 1266 873 Germaniam
1295 835 1535 885 superiorem
1563 835 1746 874 visitator
1775 838 1814 874 et
1840 835 1943 874 vice-

176 895 454 944 provincialis,
492 895 675 944 Friburgi
704 895 977 933 Helvetiorum
1008 896 1067 933 12.
1097 894 1274 933 Ianuarii
1306 896 1406 933 1662
1447 894 1648 932 centuriae
1684 894 1800 933 huius
1836 895 1944 945 typis

177 954 459 992 exscribendae
479 957 716 1004 potestatem
745 954 794 992 115
822 954 997 992 1111111113.
1046 954 1100 992 Α1
1128 953 1275 1003 ignotis
1307 954 1352 991 de
1382 953 1512 992 causis
1543 953 1743 1003 exscripta
1770 967 1848 992 non
1871 957 1943 993 est.

177 1013 335 1062 Aliquid
356 1013 481 1051 simile
501 1013 645 1051 accidit
663 1013 705 1052 P.
727 1014 948 1063 Iosepho
970 1013 1132 1051 Boero
1155 1013 1191 1051 8.
1213 1013 1262 1059 J„
1292 1012 1377 1050 viro
1399 1013 1445 1050 de
1465 1012 1632 1050 historia
1652 1012 1800 1050 ordinis
1819 1013 1943 1051 nostri

178 1072 322 1121 optime
351 1072 510 1119 merito3
551 1072 760 1111 editionem
788 1072 822 1110 is
851 1074 1018 1122 parabat
1047 1072 1217 1110 omnium
1247 1072 1394 1110 Canisii
1423 1071 1698 1122 epistularum,
1733 1074 1772 1109 et
1799 1072 1943 1110 multas

177 1132 253 1168 iam
283 1131 366 1180 ipse
395 1132 722 1181 transcripserat,
762 1132 905 1170 multas
943 1131 1262 1169 transcribendas
1295 1134 1501 1177 curarat43
1541 1131 1609 1169 sed
1647 1131 1736 1169 aliis
1773 1130 1942 1180 negotiis

177 1191 302 1239 iisque
331 1191 577 1239 gravissimis
607 1193 841 1237 abstractus,
872 1192 1100 1229 thesaurum
1129 1204 1241 1229 suum
1261 1190 1488 1240 provinciae
1511 1190 1719 1228 Societatis
1739 1191 1831 1228 Iesu
1859 1203 1941 1239 ger-

178 1250 357 1287 manicae
376 1250 537 1288 tradidit
553 1254 576 1296 5,
598 1254 759 1289 31191019
779 1250 834 1297 (111
854 1251 985 1298 fallor)
1005 1250 1215 1300 praecipuo
1236 1251 1280 1288 R.
1300 1250 1342 1288 P.
1363 1250 1535 1288 Antonio
1556 1249 1684 1288 Maria
1703 1249 1940 1299 Anderledy‚

179 1309 244 1358 qui
272 1312 410 1358 postea
438 1309 560 1347 totius
590 1310 800 1348 Societatis
830 1323 1003 1348 summus
1031 1310 1255 1347 moderator
1282 1309 1358 1347 fuit
1388 1311 1425 1356 (†
1449 1310 1507 1347 18.
1538 1309 1713 1347 Ianuarii
1744 1310 1873 1356 1892).

298 1368 469 1406 Exstant
490 1369 642 1418 quidem
662 1369 766 1407 haud
785 1382 934 1419 paucae
956 1368 1103 1407 Canisii
1124 1369 1315 1418 epistulae
1335 1381 1405 1418 per
1425 1368 1600 1406 diversos
1619 1368 1740 1406 libros
1761 1381 1942 1418 sparsae:

179 1427 368 1477 imprimis
397 1428 437 1466 in
466 1428 559 1466 vitis
589 1428 761 1467 eiusdem
791 1442 813 1466 a
842 1429 1017 1475 Radere,
1049 1428 1261 1475 Sacchino,
1292 1428 1493 1478 Pythone,
1524 1428 1673 1473 Boero,
1712 1427 1827 1465 Riess
1857 1441 1942 1466 con-

181 1486 361 1536 scriptis,
401 1487 441 1524 in
476 1487 651 1525 historiis
689 1491 771 1526 tum
801 1488 1011 1526 8091913115
1041 1488 1131 1526 Ι9511
1164 1487 1372 1525 universae
1409 1490 1492 1525 111111
1521 1487 1763 1536 singularum
1791 1487 1945 1537 provin-

182 1627 353 1670 quattuor
378 1625 450 1660 illis
476 1625 660 1661 miraculis
686 1628 760 1667 est,
796 1637 888 1670 quae
915 1625 1001 1660 Pius
1027 1625 1087 1660 IX.
1117 1627 1171 1660 17.
1198 1625 1334 1671 Aprilis
1362 1624 1453 1660 1864
1478 1625 1699 1659 sollemniter
1734 1624 1948 1670 approbavit

187 1678 329 1724 (Boero,
357 1678 498 1713 Canisio
525 1691 557 1724 p.
584 1680 783 1714 460—462.
810 1679 1010 1714 487—490.
1053 1681 1153 1713 Riess
1179 1679 1201 1713 l.
1229 1691 1258 1714 9.
1284 1691 1318 1724 p.
1346 1679 1544 1713 546—547.
1571 1678 1788 1721 568—570).

307 1734 316 1753 ¹
343 1731 507 1777 Epistula
532 1733 622 1768 haec
647 1733 691 1768 ab
718 1733 795 1778 ipso
823 1732 965 1767 Canisio
992 1732 1165 1777 Friburgo
1192 1732 1441 1766 Helvetiorum
1467 1731 1499 1766 8.
1527 1731 1693 1766 Octobris
1721 1731 1811 1766 1595
1836 1730 1948 1765 missa

183 1787 262 1820 erat
287 1785 469 1829 Dilingam
496 1786 540 1820 ad
566 1786 781 1821 Michaelem
802 1785 968 1820 Eberium
989 1785 1023 1820 S.
1044 1787 1077 1821 J.
1104 1785 1369 1821 scholasticum.
1405 1784 1503 1826 Quae
1529 1796 1592 1819 suo
1618 1784 1694 1819 loco
1720 1786 1946 1830 proponetur.

183 1838 325 1872 Relatio
352 1841 471 1872 autem
498 1839 541 1873 ab
568 1839 645 1884 ipso
675 1841 903 1873 Gnarinone’o
937 1839 1073 1884 scripta
1107 1839 1291 1884 ipsiusque
1326 1838 1444 1882 sigillo
1479 1838 1612 1872 maiore
1646 1839 1802 1879 munita,
1841 1838 1862 1872 6
1888 1848 1948 1882 pa-

184 1892 288 1936 ginas
313 1892 350 1925 in
375 1892 420 1926 20
445 1904 634 1937 occupans,
660 1893 754 1938 apud
780 1904 843 1927 nos
870 1894 1001 1927 exstat.

305 1945 318 1965 ²
344 1944 452 1979 Sacra
478 1945 626 1979 Rituum
653 1946 938 1990 Congregatione
966 1974 972 1980 .
1002 1973 1008 1979 .
1036 1945 1261 1980 Lausannen.
1288 1945 1571 1980 Beatificationis
1598 1946 1633 1978 et
1663 1943 1950 1979 Canonizationis

187 1997 278 2032 Ven.
307 1997 409 2032 Servi
435 1998 501 2032 Dei
528 1998 627 2033 Petri
654 1998 798 2034 Canisii.
837 2001 968 2034 Positio
1002 2010 1110 2043 super
1143 1999 1332 2033 vz'rtutz'bzcs
1361 1998 1509 2042 (Romae
1537 1997 1642 2041 1833)
1681 1997 1855 2031 Summar.
1892 1996 1950 2031 ad-

185 2051 309 2085 dition.
336 2063 368 2096 p.
399 2051 499 2086 1—3.

308 2105 321 2124 ⁸
347 2104 593 2150 Archetypum
620 2107 676 2140 est
701 2106 881 2140 Monachii
907 2106 942 2139 in
969 2105 1115 2140 archivo
1142 2105 1240 2148 regio
1267 2104 1289 2139 1.
1316 2116 1345 2139 c.

307 2159 320 2178 4
347 2159 472 2202 Boero,
500 2159 641 2193 03111510
667 2171 701 2204 p.
729 2161 760 2194 5.
788 2160 828 2201 6;
856 2159 901 2193 cf.
929 2159 1037 2193 etiam
1064 2160 1164 2192 Rz'ess
1189 2158 1213 2192 l.
1240 2169 1269 2192 c.
1297 2170 1330 2203 p.
1358 2168 1437 2191 vm.

308 2211 320 2230 ⁵
346 2211 458 2245 Boero
485 2211 519 2246 in
547 2212 793 2247 exscribendis
820 2212 985 2258 epistulis
1012 2211 1216 2253 canisianis,
1243 2211 1356 2245 salvis
1382 2210 1489 2244 rebus
1515 2209 1614 2255 ipsis,
1641 2219 1859 2249 sermonem,
1886 2207 1951 2242 ita-

187 2264 297 2298 licum
323 2264 517 2309 imprimis,
556 2266 600 2299 ad
626 2268 786 2300 nostram
812 2267 968 2300 aetatem
995 2265 1263 2299 accommodare
1290 2263 1428 2298 solebat
1454 2265 1490 2297 et
1515 2262 1691 2307 quaedam
1717 2261 1825 2296 etiam
1852 2260 1952 2295 omit-

187 2317 307 2358 tebat,
335 2329 425 2361 quae
451 2318 558 2353 nimis
583 2330 696 2363 parva
723 2319 779 2353 vel
806 2319 902 2353 51993
929 2318 986 2353 vel
1013 2318 1093 2352 aliis
1120 2318 1163 2352 de
1189 2317 1308 2352 causis
1334 2329 1404 2351 non
1430 2316 1567 2350 edenda
1592 2315 1661 2361 ipsi
1687 2314 1830 2359 quidem
1856 2313 1952 2348 vide-

188 2370 330 2405 bantur.
380 2371 551 2405 Attamen
578 2372 654 2406 eius
680 2372 888 2417 apographa
914 2374 1038 2417 postea
1064 2371 1107 2405 ab
1134 2370 1215 2405 aliis
1241 2373 1401 2405 correcta
1427 2371 1463 2403 et
1494 2368 1660 2414 suppleta
1694 2369 1787 2401 sunt.
1837 2366 1953 2400 Natus

189 2426 246 2458 est
265 2425 432 2468 Iosephus
450 2425 565 2459 Boero
594 2425 712 2468 (cuius
738 2437 866 2460 nomen
892 2425 1103 2470 saepissime
1129 2424 1166 2458 in
1191 2423 1258 2458 1109
1284 2435 1389 2469 opere
1407 2421 1582 2465 recurret)
1603 2419 1803 2456 Vintimelii
1823 2419 1953 2464 (Vinti-

190 2477 330 2521 miglia)
368 2477 404 2511 in
430 2477 535 2512 Italia
570 2479 752 2523 superiore
782 2479 834 2513 15.
865 2478 1017 2522 Augusti
1046 2478 1146 2518 1814,
1173 2476 1387 2511 Societatem
1415 2475 1496 2509 Iesu
1529 2475 1714 2518 ingressus
1740 2473 1771 2507 6.
1799 2472 1955 2507 Ianuarii

193 2529 303 2571 1830,
340 2530 375 2563 in
401 2530 555 2565 diversis
581 2534 707 2576 postea
732 2532 858 2566 Italiae
884 2530 1046 2574 collegiis
1071 2530 1362 2574 grammaticam,
1389 2528 1530 2563 litteras
1556 2526 1803 2567 humaniores,
1838 2526 1954 2560 rheto-

191 2583 302 2616 ricam
337 2583 532 2627 professus.
584 2584 717 2619 Romae
749 2587 869 2618 autem
903 2596 968 2629 per
1000 2583 1134 2618 multos
1169 2594 1280 2617 annos
1316 2581 1462 2617 archivo
1498 2579 1657 2625 generali
1683 2578 1816 2613 ordinis
1842 2577 1956 2612 nostri

192 2636 350 2680 praefuit
376 2639 411 2670 et
436 2637 471 2670 in
498 2637 724 2682 processibus
750 2637 1025 2672 beatificationis
1051 2638 1087 2670 et
1112 2635 1392 2671 canonizationis
1431 2633 1706 2680 „postulatorem
1741 2632 1950 2667 causarum“

192 2689 278 2732 egit,
306 2700 417 2732 eoque
443 2690 649 2734 postulante
676 2690 783 2725 etiam
810 2702 1000 2736 processus
1019 2689 1294 2724 beatificationis
1314 2687 1447 2723 Canisii
1465 2687 1577 2721 nostri
1596 2686 1639 2720 ad
1658 2686 1799 2720 felicem
1817 2685 1954 2719 exitum

194 2742 389 2787 perductus
415 2745 480 2777 est.
532 2743 600 2777 Per
634 2744 772 2788 aliquot
807 2743 915 2778 etiam
950 2754 1062 2778 annos
1088 2743 1200 2777 Boero
1235 2753 1364 2776 munus
1403 2739 1628 2783 „assistentis
1656 2739 1800 2773 Italiae⁴⁴
1841 2737 1957 2781 gessit

192 2795 317 2839 sicque
343 2796 579 2829 reverendum
606 2799 744 2841 patrem
768 2797 914 2831 Petrum
934 2796 1068 2837 Beckx,
1095 2795 1285 2830 societatis
1310 2794 1553 2839 praepositum
1580 2791 1794 2837 generalem,
1820 2791 1856 2824 in
1880 2791 1955 2824 toto

193 2848 316 2882 ordine
343 2848 573 2891 gubernando
599 2850 748 2884 adiuvit.
799 2850 897 2884 Inter
931 2852 985 2884 tot
1019 2849 1163 2893 negotia
1190 2849 1303 2882 Boero
1329 2848 1374 2883 80
1409 2848 1485 2881 fere
1519 2846 1629 2881 libros
1655 2847 1691 2879 et
1716 2843 1856 2878 libellos
1893 2845 1955 2877 aut

195 2905 271 2946 ipse
298 2901 523 2935 elucubravit
550 2905 612 2936 aut
638 2903 682 2936 ab
709 2903 790 2937 aliis
816 2903 1032 2947 compositos
1059 2902 1156 2947 prelo
1183 2901 1353 2941 subiecit;
1392 2902 1501 2944 atque
1535 2898 1711 2944 imprimis
1745 2897 1840 2930 vitas
1875 2907 1955 2930 con-

194 2954 341 2998 scripsit
366 2955 558 2989 multorum
586 2955 779 2998 insignium
805 2956 962 2990 virorum
991 2955 1200 2996 Societatis;
1235 2954 1271 2988 in
1298 2954 1427 2998 quibus
1452 2952 1552 2987 libris
1578 2950 1691 2985 multa
1725 2949 1957 2983 inveniuntur

196 3018 307 3048 nova,
343 3019 434 3052 quae
470 3011 594 3042 auctor
628 3020 673 3042 ex
707 3008 852 3042 archivo
887 3011 1008 3043 nostro
1040 3019 1185 3043 romano
1215 3008 1315 3051 (tunc
1340 3006 1496 3041 nondum
1522 3002 1696 3049 disperso)
1726 3002 1955 3047 deprompsit.

196 3060 362 3094 Mortuus
397 3063 452 3096 est
477 3061 609 3095 Romae
636 3061 667 3095 8.
696 3061 878 3096 Februarii
908 3062 1008 3096 1884.
1060 3061 1163 3095 Boeri
1197 3060 1278 3095 libri
1312 3060 1543 3094 recensentur
1577 3069 1597 3091 a
1627 3057 1754 3091 carolo
1782 3057 1956 3090 Sommer-

197 3115 291 3155 royel
318 3113 350 3148 S.
379 3114 430 3155 J.‚
467 3114 716 3158 Bibliotheque
752 3115 794 3149 de
829 3115 863 3148 la
891 3114 1108 3159 Compagnie
1144 3114 1186 3148 de
1221 3114 1338 3148 ι195115.
1380 3111 1548 3154 Bibliogr.
1587 3110 1602 3143 Ι
1632 3108 1956 3153 (Bruxelles-Paris

201 3167 320 3209 1890),
347 3167 412 3201 col.
440 3167 682 3201 1571—1584.
