2113 3430
220 170 303 211 630
669 164 826 198 Monum.
857 163 1119 207 (bononiensia)
1148 164 1204 198 27.
1234 164 1535 209 (Prolegomena.)

336 283 435 316 Haec
450 280 604 326 epistula
619 281 775 315 ostendit
788 281 902 315 Boero
919 280 1007 324 (laio
1023 293 1054 325 p.
1072 279 1154 323 112)
1176 282 1300 315 contra
1317 283 1519 327 temporum
1536 283 1710 317 rationem
1729 294 1887 328 peccare,
1907 294 1988 317 cum

218 337 260 371 de
287 334 420 370 Canisii
447 334 605 368 adventu
631 334 826 368 tridentino
852 334 1000 368 scribit:
1035 334 1100 376 „Ai
1129 333 1171 368 13
1199 334 1234 367 di
1261 335 1412 377 germaio
1439 335 1496 369 del
1525 337 1612 370 1547
1639 337 1670 371 si
1696 338 1803 370 tenne
1829 336 1864 370 la
1889 338 1988 371 sesta

217 389 382 423 Sessione
402 416 408 422 .
429 416 435 422 .
457 415 463 422 .
499 388 540 421 In
567 387 646 432 que’
665 387 782 431 giorni
808 386 994 421 medesimi
1021 387 1140 421 arrivo
1164 386 1359 431 improviso
1377 399 1397 421 a
1415 388 1547 423 Trento
1565 388 1590 423 il
1611 390 1647 424 B.
1667 389 1787 423 Pietro
1807 388 1982 423 Canisio.“

335 441 498 475 Raderus
519 440 621 483 (Can.
641 452 674 486 p.
693 440 754 485 41)
784 443 821 475 et
846 442 928 485 post
954 452 1035 474 eum
1061 440 1120 474 alii
1148 440 1371 485 scripserunt
1390 440 1570 475 Canisium
1597 443 1642 476 ab
1661 443 1792 477 Ottone
1815 442 1988 477 cardinali

216 495 427 529 Tridentum
463 494 613 528 missum
650 505 729 528 esse
764 505 835 528 una
869 505 950 528 cum
977 493 1198 537 Wolfgango
1224 492 1339 527 Rhem
1371 495 1574 539 praeposito
1601 498 1813 539 augustano.
1857 497 1907 529 At
1930 495 1989 530 hic

217 550 288 583 iam
323 559 446 582 mense
471 546 661 581 Decembri
698 547 779 581 anni
809 547 899 581 1545
935 559 1016 581 cum
1043 547 1081 581 P.
1111 546 1259 581 Claudio
1285 546 1359 580 laio
1387 558 1426 581 eo
1453 548 1595 582 venisse
1633 549 1776 583 videtur
1792 550 1812 583 ¹.
1864 549 1989 593 Neque

217 602 304 637 Otto
330 601 367 635 in
395 601 527 635 litteris
552 601 656 635 modo
683 601 810 646 positis
836 600 879 634 de
905 600 1056 634 Rhemio
1091 600 1285 642 tacuisset,
1321 600 1352 634 si
1387 612 1467 634 eum
1503 612 1584 635 cum
1611 602 1752 637 Canisio
1779 602 1989 637 Tridentum

216 656 363 690 mittere
389 654 576 689 voluisset.

1077 725 1125 766 D.

442 810 898 853 MONUMENTA
931 809 1432 853 BONONIENSIA
1467 809 1763 853 CANISII.

903 904 943 953 a)
984 901 1301 961 Prolegomena.

1056 995 1148 1037 27.

335 1082 554 1114 Franeiseas
580 1081 777 1115 Sacchae'nns
807 1079 908 1123 (Can.
936 1092 968 1125 p.
987 1080 1047 1124 40)
1077 1080 1220 1115 scribit:
1254 1080 1362 1122 „Quia
1392 1080 1599 1114 Cardinales
1627 1079 1774 1125 Concilij
1801 1080 1984 1126 praesides

217 1145 450 1178 quaecunque
477 1133 649 1175 Tridenti,
678 1145 719 1167 ac
745 1134 925 1168 Bononiae
951 1136 1108 1168 tractata
1135 1134 1177 1167 de
1204 1133 1448 1168 Sacramentis
1475 1136 1587 1175 erant,
1613 1134 1794 1168 iusserant
1811 1133 1985 1175 Lainium,

217 1199 258 1221 ac
284 1187 528 1222 Salmeronem
555 1187 743 1231 colligere,
780 1187 1113 1232 disputationesque
1139 1187 1221 1221 inde
1247 1186 1508 1232 pulcherrimas
1534 1187 1569 1220 in
1596 1187 1774 1228 ordinem,
1814 1199 1856 1221 ac
1893 1188 1986 1222 viam

215 1240 285 1285 ipsi
310 1241 555 1284 redegerant‚“
588 1241 753 1275 Canisius
771 1241 951 1275 Bononiae
983 1240 1045 1283 ⁷‚iis
1071 1241 1374 1286 disputationibus
1392 1240 1489 1285 stylo
1507 1240 1672 1285 politiore
1698 1240 1987 1286 complectendis,

217 1294 533 1338 exscribendisque
564 1294 661 1338 (nam
688 1296 724 1327 et
749 1293 1019 1328 characteribus
1045 1293 1226 1328 scribebat
1253 1305 1332 1327 cum
1360 1294 1513 1338 quadam
1549 1293 1724 1337 dignitate
1757 1293 1984 1338 clarissimis)

215 1346 426 1392 plerumque
460 1347 633 1393 temporis
670 1347 900 1392 impendebat
935 1359 1065 1390 magno
1104 1359 1190 1381 sane
1224 1347 1381 1381 labore“.
1433 1347 1565 1381 Notum
1605 1347 1713 1381 etiam
1742 1359 1883 1392 semper
1918 1347 1988 1382 fuit

217 1400 399 1435 Canisium
429 1401 539 1445 (quod
565 1401 640 1435 suis
666 1401 743 1445 ipse
769 1400 900 1435 litteris
926 1403 1084 1435 testatus
1110 1403 1165 1434 est
1180 1401 1208 1445 2)
1232 1400 1410 1435 Bononiae
1435 1401 1528 1435 inter
1545 1400 1732 1444 theologos
1751 1400 1891 1435 concilii
1909 1413 1987 1435 sen-

216 1454 368 1488 tentiam
393 1466 496 1489 suam
515 1454 661 1488 dixisse.
698 1453 846 1495 Quando
865 1456 986 1488 autem
1005 1454 1146 1495 dixerit,
1174 1465 1243 1498 qua
1272 1454 1380 1495 dere,
1409 1454 1502 1498 quid,
1530 1454 1716 1498 hucusque
1742 1454 1987 1498 ignorabatur.

217 1508 422 1551 Antequam
448 1508 483 1541 in
510 1508 602 1542 hanc
628 1520 703 1541 rem
727 1508 811 1541 novi
830 1507 914 1551 quid
934 1507 1148 1552 proferatur,
1174 1507 1262 1541 haec
1281 1519 1422 1551 quoque
1441 1508 1683 1552 praenotanda
1701 1519 1780 1541 esse
1799 1507 1987 1542 videntur:

337 1560 438 1602 Quia,
466 1561 615 1595 concilio
641 1561 836 1595 tridentino
862 1562 1007 1595 ineunte
1035 1573 1066 1595 a.
1090 1561 1178 1595 1547
1199 1561 1395 1595 Bononiam
1421 1560 1608 1602 translato,
1635 1561 1776 1606 hispani
1802 1561 1988 1606 praesules

217 1616 253 1648 et
279 1614 338 1648 alii
365 1615 509 1659 quidam
536 1615 572 1648 in
600 1614 717 1648 Caroli
743 1614 786 1649 V.
825 1626 903 1648 eam
940 1614 1215 1649 translationem
1253 1614 1488 1659 improbantis
1525 1614 1680 1657 gratiam
1707 1614 1869 1648 Tridenti
1906 1614 1988 1648 sub-

218 1668 398 1708 stiterant,
425 1668 605 1702 Bononiae
631 1668 753 1702 nullus
779 1680 799 1702 a
826 1668 974 1702 concilio
1002 1668 1044 1702 de
1071 1668 1298 1712 dogmatibus
1325 1668 1408 1701 fidei
1435 1670 1497 1702 aut
1518 1668 1560 1702 de
1578 1679 1716 1701 morum
1735 1668 1988 1702 reformatione

219 1733 409 1755 consessus
445 1721 590 1756 habitus
624 1724 690 1756 est.
741 1722 912 1755 Attamen
947 1721 1107 1765 theologi
1142 1721 1332 1764 diligenter
1368 1733 1409 1755 ea
1436 1721 1615 1755 discutere
1641 1721 1857 1766 pergebant,
1897 1733 1988 1765 quae

219 1775 294 1809 suis
320 1775 542 1820 temporibus
568 1774 718 1809 concilio
745 1775 947 1809 definienda
973 1777 1121 1820 possent
1145 1775 1313 1819 proponi,
1349 1775 1553 1819 fiebantque
1589 1774 1886 1818 congregationes
1911 1777 1988 1809 tum

216 1827 465 1872 theologorum
496 1828 707 1871 „maiorum“
739 1829 816 1863 sive
843 1829 1086 1873 praelatorum
1111 1831 1189 1862 tum
1214 1828 1463 1872 theologorum
1494 1829 1708 1871 „minorum“
1729 1828 1741 1848 ³
1775 1831 1852 1862 tum
1881 1840 1987 1872 gene-

219 1881 325 1916 rales.
362 1881 397 1915 Si
418 1884 619 1925 Auyustino
643 1883 795 1915 Theiner
818 1882 1007 1923 credimus,
1033 1881 1210 1916 minorum
1237 1881 1484 1925 theologorum
1513 1883 1712 1916 conventus
1739 1881 1783 1915 58
1802 1881 1950 1915 fuerunt
1964 1883 1987 1916 ⁴¹.

217 1934 270 1968 Dc
296 1935 352 1969 his
379 1935 616 1969 conventibus
643 1935 774 1978 aliqua,
802 1947 893 1979 quae
920 1936 964 1969 ad
984 1935 1166 1969 Canisinm
1193 1935 1313 1979 aliquo
1339 1934 1442 1968 modo
1465 1935 1657 1979 pertinent,
1685 1947 1729 1968 ex
1749 1934 1989 1969 monumentis

217 1988 274 2021 hic
301 1990 487 2033 ponentur,
515 1989 598 2022 olim
626 1988 807 2032 congestis
843 1988 902 2022 vel
938 1988 1151 2033 conscriptis
1178 1988 1221 2022 ab
1249 1988 1388 2031 Angelo
1415 1988 1646 2029 Massarello,
1686 1988 1774 2022 iuris
1800 1988 1988 2032 utriusque

218 2042 360 2075 doctore
396 2044 430 2075 et
466 2042 707 2086 protonotario
743 2042 938 2086 apostolico
979 2042 1119 2087 (postea
1146 2041 1312 2087 episcopo
1347 2041 1534 2085 telesino),
1571 2041 1631 2085 qui
1666 2053 1730 2086 per
1762 2043 1878 2076 totum
1913 2042 1988 2075 fere

217 2094 407 2129 concilium
434 2096 592 2129 ciusdem
619 2095 837 2129 secretarius
864 2095 942 2129 fuit.
986 2095 1159 2137 Theiner,
1187 2107 1266 2129 cum
1294 2097 1374 2129 acta
1401 2095 1542 2129 concilii
1569 2107 1589 2128 a
1616 2095 1827 2129 Massarello
1853 2094 1988 2140 scripta

217 2148 253 2181 in
278 2148 395 2182 lucem
422 2149 622 2189 emitteret,
658 2151 799 2193 partem
826 2149 941 2190 illam,
969 2160 1061 2192 quae
1088 2148 1284 2182 Bononiam
1311 2150 1462 2193 spectat,
1489 2148 1619 2182 omisit.
1666 2148 1791 2192 Neque
1818 2159 1868 2184 ea.
1896 2159 1988 2192 quae

216 2203 412 2245 ponentur,
448 2202 542 2246 apud
578 2204 718 2235 ceteros
754 2204 856 2243 sunt,
893 2201 953 2245 qni
981 2201 1185 2235 Massarelli
1221 2204 1302 2235 acta
1337 2201 1531 2235 tridentina
1570 2201 1662 2244 (sive
1698 2201 1872 2244 genuina,
1911 2201 1989 2235 sive

217 2254 547 2299 pseudepigrapha)
576 2255 675 2299 typis
703 2255 990 2299 exscripserunt:
1031 2255 1131 2289 Edm.
1164 2255 1328 2289 Mai-tene
1355 2257 1390 2288 et
1416 2254 1498 2288 Urs.
1525 2254 1672 2288 Durand
1688 2256 1710 2296 ⁵,
1738 2255 1831 2288 Frid.
1858 2254 1988 2288 Eberh.

217 2307 400 2342 Rambach
418 2309 441 2349 ⁶,
479 2308 555 2342 Iud.
595 2308 643 2342 Le
682 2308 802 2349 Platz
847 2308 936 2342 Gen.
976 2308 1142 2342 Calenzio
1158 2309 1180 2349 Β,
1230 2309 1305 2352 lgn.
1345 2307 1568 2351 Dollinge1·⁹.
1633 2306 1730 2348 Quae
1779 2307 1893 2351 signis
1939 2307 1990 2340 in-

343 2409 352 2428 ¹
379 2410 566 2452 Polam-us,
596 2409 794 2443 Chronicon
822 2410 846 2450 I,
878 2410 953 2443 1:34.
983 2410 1060 2443 155.
1114 2410 1166 2451 Sf.
1195 2410 1416 2442 Pallarlce‘no
1442 2408 1476 2442 S.
1504 2409 1556 2448 J„
1592 2407 1719 2442 Istoria
1748 2408 1804 2441 del
1831 2406 1989 2442 Concilio

218 2460 252 2494 di
278 2461 409 2495 Trento
436 2461 457 2496 l.
486 2463 516 2503 6,
544 2474 573 2496 c.
602 2464 632 2503 2,
660 2475 692 2496 n.
722 2463 751 2496 7.
804 2464 930 2507 Boero,
958 2463 1029 2496 laio
1057 2474 1089 2507 p.
1117 2462 1269 2496 96—97.
1418 2462 1431 2482 ‘³
1458 2461 1499 2495 V.
1527 2472 1636 2506 supra
1662 2473 1694 2505 p.
1722 2462 1779 2495 47.
1808 2460 1887 2494 250.

338 2516 350 2533 ³
376 2515 428 2548 De
454 2527 600 2549 munere
632 2516 918 2559 „theologoruns‘
951 2516 1225 2549 tridentinorum
1253 2527 1286 2549 v.
1311 2516 1385 2549 Iole.
1416 2518 1498 2548 Sto:
1525 2515 1558 2549 S.
1580 2515 1622 2555 J„
1650 2514 1789 2548 Relatio
1817 2513 1991 2548 historica

219 2568 261 2601 de
288 2569 402 2610 gestis
428 2569 463 2602 in
491 2569 640 2603 concilio
667 2569 874 2603 Tridentino
905 2569 1086 2611 (Dilingae
1116 2568 1222 2612 1695)
1251 2580 1283 2612 p.
1312 2568 1463 2602 80—82.

338 2622 350 2640 *¹
377 2622 468 2656 Acta
495 2623 648 2665 genuina
678 2623 825 2656 Com-ilii
853 2622 1051 2656 Tridentini
1078 2622 1093 2655 I
1123 2621 1333 2665 (Zagrabiae
1363 2620 1482 2664 1874),
1510 2633 1543 2665 p.
1570 2632 1758 2655 xussxm.

339 2675 351 2693 ⁵
377 2674 548 2709 Veterum
568 2677 782 2720 scriptorum
802 2679 837 2710 et
855 2677 1164 2709 monumentorum
1186 2674 1408 2719 amplissima
1428 2674 1601 2715 collectio,
1620 2676 1703 2708 tom.
1721 2674 1805 2708 VIII
1827 2672 1991 2716 (Parisiis

223 2727 341 2769 1783),
369 2728 433 2762 col.
464 2729 706 2763 1022—1‘215.

339 2782 352 2800 ⁶
378 2782 417 2815 ln
443 2783 639 2827 appendice
670 2782 776 2816 tertio
811 2782 855 2816 ad
896 2782 1095 2823 „Christian
1124 2782 1266 2824 August
1302 2781 1420 2824 Saligs
1457 2781 1698 2824 vollstiindige
1734 2780 1890 2814 Historie
1927 2779 1989 2813 des

220 2833 532 2869 'I'ridcntinischcn
557 2836 792 2869 Concilinms*
824 2836 855 2869 3.
874 2835 975 2869 Thcil
999 2835 1119 2877 (Halle
1142 2835 1260 2877 1745),
1287 2846 1319 2879 p.
1340 2834 1478 2868 5—360
1508 2834 1569 2877 (ex
1589 2834 1751 2868 Martene
1778 2831 1987 2876 descripta).

341 2888 352 2907 ⁷
378 2888 689 2923 Monumentornm
709 2889 753 2922 ad
771 2889 957 2922 historiam
979 2888 1119 2921 concilii
1137 2887 1336 2921 Tridentini
1363 2887 1588 2931 potissimum
1614 2886 1862 2920 illustrandam
1889 2896 1987 2929 spec-

220 2940 374 2974 tantium
400 2942 623 2986 amplissima
650 2942 822 2983 collectio,
849 2945 933 2976 toni.
960 2942 1038 2979 VH,
1066 2953 1149 2985 pars
1176 2942 1196 2974 2
1226 2940 1389 2983 (liovanii
1420 2940 1536 2981 1787)⁷
1564 2952 1596 2984 p.
1625 2939 1775 2973 31—67.

342 2997 353 3011 ⁸
380 2994 590 3029 Documenti
617 2995 740 3029 inediti
767 3007 785 3029 e
812 2995 920 3029 nuovi
944 2994 1059 3028 lavori
1079 2994 1253 3027 lettcrarii
1271 2993 1328 3027 sul
1347 2993 1504 3027 Concilio
1523 2993 1557 3027 di
1576 2993 1706 3026 'Frento
1728 2992 1853 3035 (Roma
1876 2989 1983 3032 1874)

225 3056 254 3086 p.
285 3045 480 3081 *lna-1:21»,

342 3102 353 3116 ²⁴
385 3099 635 3138 [jngmlruckte
662 3101 828 3134 Bcrichte
856 3100 925 3134 und
945 3099 1178 3143 'I'agebiicher
1201 3111 1263 3133 zur
1282 3098 1497 3133 Geschichte
1524 3099 1585 3132 des
1611 3097 1751 3131 Concils
1776 3108 1843 3129 von
1863 3095 1986 3129 Trivnt

227 3149 254 3181 l.
284 3149 389 3183 Abth.
421 3153 654 3195 ‹N··'›1·dli11g‹·11
685 3153 803 3195 1876),
832 3165 863 3197 p.
892 3153 1065 3187 :39—326.
