2113 3430
812 184 867 218 22.
895 183 1059 218 Octobris
1089 184 1190 217 1546.
1802 185 1886 225 223

247 306 311 347 Se,
339 304 472 346 Ifflmta'i
498 303 665 335 viandum
693 303 904 345 obsecutum,
941 303 982 334 de
1007 302 1224 334 habitatione
1249 301 1456 334 deliberas-se
1482 305 1511 332 1¹!
1533 302 1694 333 statuisse
1724 301 1889 333 Coloniae

128 359 195 391 sibi
221 358 433 390 manendum
462 366 541 388 esse.
593 356 646 388 De
670 356 798 388 studiis
823 357 897 388 suis
922 355 1131 395 tlieolosyicis.
1175 355 1228 388 De
1254 355 1357 387 Petro
1383 354 1513 387 Fabra.
1558 356 1691 385 &aeras
1717 354 1887 396 qua-<dam

136 422 190 443 res
215 411 258 443 ab
285 411 424 451 Ijsnate'o
445 410 544 452 petit.

933 467 1083 508 Ihesus

314 538 569 581 Reuerende
601 538 782 579 Domine
815 540 859 579 et
891 537 1023 580 Pater
1054 536 1283 590 praecipue
1315 536 1418 577 mihi
1450 535 1493 576 in
1525 535 1706 577 ChristO.

249 610 400 652 Gratia
440 609 610 650 Domini
652 608 789 651 nostri
830 608 935 649 Jesu
976 607 1133 649 Christi
1174 621 1343 661 semper
1387 607 1441 648 sit
1485 620 1579 647 cum
1612 607 1691 648 Do.
1725 606 1776 648 V.
1820 606 1890 647 In-

129 675 328 717 iunxistis
360 674 464 716 mihi
496 673 802 715 humanissime
834 675 883 715 vt
916 686 969 713 ex
1002 686 1095 713 mea
1126 672 1260 726 ipsius
1289 671 1551 713 conscientia
1582 670 1815 712 iudicarem
1840 671 1891 711 de

129 741 222 782 loco
263 740 405 792 aliquo
447 738 728 781 habitationis
770 737 873 779 mihi
918 737 1143 789 deligendo
1194 750 1419 789 meamque
1470 735 1730 777 sententiam
1780 735 1891 777 istuc

129 805 225 847 ilico
248 805 541 853 rescriberem,
577 806 620 845 et
643 818 668 845 a
690 802 812 844 vobis
844 805 935 844 tum
959 803 1282 855 comprobatam
1306 816 1400 843 esse
1423 802 1662 854 putareml.
1718 800 1891 853 Septem

128 870 262 923 igitur
296 868 514 924 [diebus]a
546 867 846 910 deliberationi
879 866 1014 915 datis,
1049 867 1129 908 hoc
1161 880 1292 907 vnum
1324 865 1514 907 iudicare
1546 864 1687 918 potui,
1723 867 1765 906 et
1799 879 1892 905 011111

131 935 236 977 meis
268 934 336 976 hic
368 934 576 976 fratribus
610 932 946 975 concludendum
980 931 1094 972 duxi.
1138 931 1271 983 quue
1303 945 1380 984 pro
1412 929 1655 984 praesentis
1687 928 1893 983 temporis

131 1000 299 1042 ratione
339 999 382 1040 in
423 999 504 1040 hac
537 999 643 1039 vrbe
684 996 954 1050 germaniae,
997 995 1197 1037 nimirum
1239 998 1287 1037 vt
1328 995 1371 1036 in
1412 994 1756 1049 praesentiarum
1796 994 1893 1035 hinc

133 1079 212 1118 ego
254 1079 338 1106 non
381 1063 669 1117 dimigrarem.
732 1062 789 1103 Et
831 1075 1077 1114 quanquam
1116 1062 1243 1102 tanta
1285 1060 1336 1101 de
1369 1074 1415 1101 re
1453 1059 1673 1113 sapienter
1704 1059 1893 1100 iudicare

133 1144 217 1171 uon
249 1129 332 1171 mei
365 1129 421 1171 sit
452 1128 627 1181 ingenij,
662 1126 809 1179 magni
842 1126 972 1167 etiam
1005 1126 1119 1167 forte
1151 1124 1370 1179 paericuli.
1429 1125 1591 1166 Tamen
1625 1124 1894 1166 obedientiae

134 1195 395 1249 praestande
418 1192 562 1246 gratia
594 1191 768 1234 liberius
799 1191 880 1232 hoc
903 1190 1162 1244 scripserim,
1199 1189 1310 1242 quod
1338 1189 1514 1231 chariss.
1539 1189 1677 1231 frater
1698 1188 1895 1241 idemque

135 1260 442 1301 baccalaureus
474 1256 719 1310 theologiae
742 1256 799 1298 M.
823 1255 1069 1297 Adrianus2
1102 1254 1411 1308 antuerpianus
1442 1254 1524 1295 huc
1551 1254 1635 1295 iam
1660 1268 1681 1295 e
1704 1253 1895 1294 Louanio

136 1323 379 1366 accesserit.
454 1323 497 1364 Is
540 1322 664 1364 iuxta
709 1320 931 1362 consilium
973 1319 1216 1361 Reuerendi
1260 1318 1397 1372 patris
1438 1318 1689 1360 Bobadillae
1732 1320 1895 1360 tractat

135 1403 302 1430 mecum
323 1387 464 1431 studia
494 1386 740 1439 theologica
761 1385 909 1428 multis
933 1385 1103 1438 quidem
1135 1384 1252 1426 horis
1276 1383 1478 1436 quotidie,
1511 1386 1560 1425 vt
1583 1383 1764 1425 antehac
1788 1397 1896 1424 11011-

136 1468 263 1507 quam
304 1454 374 1495 vel
414 1452 475 1494 illi
515 1452 587 1493 vel
627 1451 731 1493 mihi
771 1450 907 1492 maior
948 1450 1186 1492 studiorum
1230 1452 1273 1491 et
1312 1448 1574 1490 commodior
1606 1448 1716 1490 ratio
1749 1447 1896 1490 habita

136 1518 278 1561 fuerit.
322 1518 442 1567 Quod
465 1517 501 1558 si
523 1516 680 1558 Christi
701 1515 903 1557 munifica
925 1515 1081 1568 gratia,
1115 1517 1164 1557 vt
1185 1514 1272 1555 iam
1295 1513 1408 1568 cepit
1428 1512 1540 1567 [sie]
1565 1513 1607 1554 in
1630 1512 1776 1554 multis
1798 1527 1897 1566 pro-

136 1586 320 1632 moueat,
355 1585 399 1624 et
429 1582 514 1624 ista
546 1581 785 1623 studiorum
819 1579 1176 1622 conferendorum
1208 1581 1384 1620 maneat
1415 1577 1537 1619 nobis
1565 1577 1747 1627 occasio,
1782 1579 1898 1618 certe

135 1663 219 1689 non
259 1648 422 1689 frustra
455 1646 656 1688 Coloniae
696 1645 907 1687 mansisse
939 1644 1192 1686 videbimur.
1258 1643 1341 1685 Sed
1377 1643 1497 1697 ipsae
1530 1642 1713 1684 fratrum
1746 1642 1898 1684 literae

137 1728 242 1767 quas
274 1712 392 1753 hisce
425 1710 639 1753 coniunxi.
683 1711 809 1764 plura
851 1711 902 1751 de
943 1709 1023 1751 1100
1065 1709 1157 1763 ipso
1199 1707 1374 1761 negotio
1413 1707 1621 1762 aperient.
1685 1707 1753 1748 Ne
1786 1706 1899 1759 quod

136 1778 252 1820 soleo
285 1791 463 1831 pergam
506 1790 585 1829 ego
627 1790 722 1817 esse
764 1774 973 1829 prolixior
1004 1774 1119 1828 apud
1150 1773 1449 1815 Reuerendam
1482 1773 1531 1814 D.
1567 1773 1619 1814 V.
1662 1772 1789 1813 Cuius
1822 1786 1898 1813 vo-

136 1842 294 1885 luntati
327 1845 370 1884 et
394 1840 680 1894 qualicunque
702 1839 852 1881 iuditio
886 1854 953 1880 me
986 1839 1136 1880 rudem
1169 1842 1213 1880 et
1245 1841 1518 1892 peccatorem
1551 1851 1628 1891 per
1661 1836 1801 1878 omnia
1833 1836 1897 1888 (vt

138 1921 321 1960 aequum
353 1905 437 1958 est)
470 1905 660 1955 subiicio,
695 1904 801 1946 meis
834 1918 987 1958 nempe
1010 1903 1173 1945 viribus
1195 1903 1535 1957 prudentiaeque
1559 1902 1725 1943 diffisus
1756 1902 1898 1956 plane.

136 1973 321 2014 Mortem
343 1970 584 2012 Reuerendi
611 1970 749 2024 patris
781 1969 865 2010 mei
898 1970 949 2011 D.
974 1969 1103 2010 Fabri
1136 1982 1213 2022 per
1245 1982 1290 2009 se
1323 1982 1407 2009 non
1443 1967 1763 2021 deplorandam,
1797 1966 1898 2007 mihi

137 2051 240 2078 vero
284 2036 564 2090 peracerbam
609 2048 703 2076 esse
743 2034 907 2085 fateor,
953 2034 1016 2076 ita
1060 2037 1109 2076 vt·
1151 2033 1249 2074 hinc
1295 2046 1463 2086 quoque
1507 2033 1656 2074 tristes
1702 2032 1900 2084 querelas

139 2102 292 2143 aedere
335 2104 463 2154 cogat
505 2099 635 2142 animi
674 2099 758 2140 mei
798 2113 980 2141 maeror.
1046 2099 1129 2140 Sed
1173 2098 1469 2140 infirmitatem
1513 2111 1653 2139 meam
1698 2096 1900 2138 adiuuate

137 2180 316 2221 praecor
358 2165 624 2207 orationibus
665 2164 838 2206 vestris.
911 2164 1030 2206 Sicut
1070 2163 1142 2205 ille
1187 2177 1406 2216 nunquam
1452 2162 1730 2204 obliuiscetur
1774 2175 1899 2215 spero

139 2245 324 2281 suorum,
359 2244 465 2283 quos
487 2230 530 2271 in
554 2229 785 2271 Germania
808 2228 879 2270 diu
911 2229 1180 2282 multumque
1201 2228 1349 2269 videre
1372 2242 1541 2281 semper
1574 2230 1725 2281 optare
1749 2225 1900 2268 solitus

138 2296 232 2339 fuit.
291 2297 356 2337 De
389 2295 485 2337 aliis
517 2295 645 2336 rebus
678 2294 733 2336 ad
765 2296 959 2336 vestrum
992 2293 1331 2335 commissarium
1361 2292 1657 2334 charissimum
1691 2292 1900 2333 fratrem3

140 2361 277 2402 scribo
320 2360 469 2402 fusius.
533 2360 650 2401 Bene
692 2359 840 2400 valeat
880 2359 1137 2400 Reuerenda
1173 2358 1219 2400 P.
1254 2359 1305 2400 V.
1348 2372 1500 2410 meque
1542 2357 1725 2399 fratrum
1769 2370 1899 2408 queso

141 2425 327 2467 omnium
359 2424 557 2479 precibus
588 2424 837 2477 frequenter
869 2424 1151 2465 commendet.
1197 2423 1334 2477 Saepe
1356 2422 1439 2464 iam
1464 2422 1568 2476 petij
1593 2425 1722 2474 atque
1745 2421 1898 2463 iterum

141 2493 240 2544 peto
274 2490 457 2543 supplex
489 2489 739 2531 absoluendi
772 2488 1027 2530 facultatem
1059 2488 1177 2530 illam
1210 2488 1459 2541 generalem
1493 2501 1570 2528 nec
1593 2501 1675 2527 non
1700 2486 1821 2539 signa
1847 2499 1900 2526 ex

143 2554 333 2596 Rosariis
367 2568 392 2595 a
424 2554 464 2596 S.
498 2554 550 2596 D.
584 2553 639 2596 N.
673 2553 952 2596 benedictis4.
1017 2553 1218 2595 Coloniae
1253 2555 1306 2593 22
1341 2551 1528 2594 octobris
1563 2552 1718 2593 ,1.546.

795 2618 1077 2660 Reuerendae
1110 2619 1161 2659 D.
1196 2617 1247 2658 V.

1151 2682 1309 2723 Seruus
1342 2684 1384 2723 et
1418 2681 1529 2722 filius
1562 2683 1783 2722 extremus

1244 2746 1420 2800 [Petrus
1453 2743 1682 2798 Canisius]

261 2846 273 2860 ³
297 2842 374 2874 Hoc
398 2841 628 2884 supplendum
656 2851 724 2873 esse
751 2841 910 2881 videtum·
938 2841 1007 2872 nisi
1031 2840 1124 2881 forte
1155 2839 1320 2871 canisius
1346 2839 1510 2880 scripsit:
1535 2839 1673 2881 septem
1701 2837 1807 2871 horis.

267 2953 276 2972 ¹
303 2952 464 2995 Ignatius
489 2950 630 2985 Canisio
658 2950 692 2984 id
719 2950 953 2984 mandaverat
979 2950 1013 2983 in
1041 2949 1205 2994 epistula,
1233 2960 1339 2991 quam
1362 2949 1413 2981 14.
1434 2948 1587 2991 Augusti
1619 2949 1706 2982 1546
1738 2960 1801 2990 „ex
1828 2947 1902 2981 eius

147 3005 411 3038 commissione“
444 3005 482 3038 P.
510 3002 806 3037 Bartholomaeus
833 3002 1021 3036 Feri-onius
1048 3002 1211 3046 scripsit:
1240 3013 1346 3045 supra
1374 3013 1407 3045 p.
1434 3002 1512 3034 211.

265 3057 278 3078 ²
304 3057 359 3091 Fr.
388 3057 566 3091 Adrianus
594 3056 751 3090 Adriani.
898 3056 910 3075 ³
936 3055 1246 3089 Bartholomaeum
1275 3054 1492 3088 Ferronium.

265 3112 277 3130 ⁴
304 3111 466 3154 Ignatius
503 3111 555 3144 11.
584 3109 673 3143 Iunii
702 3109 791 3142 1547
820 3108 931 3142 Roma
967 3109 1009 3141 ad
1046 3108 1198 3152 priorem
1236 3106 1447 3141 Carthusiae
1486 3107 1700 3141 coloniensis
1738 3106 1903 3151 scripsit:

152 3163 221 3203 „De
248 3163 369 3205 granis
396 3163 466 3197 illis
493 3162 711 3196 consecratis
738 3173 757 3195 a
785 3161 927 3195 Summo
955 3160 1146 3199 Pontifive,
1175 3160 1385 3204 donatisque
1414 3159 1554 3194 eximiis
1581 3160 1776 3203 gratiarum
1805 3171 1904 3204 prac-
