2113 3430
219 196 373 223 XXVIII
708 178 751 212 ΙΙ.
788 177 1013 212 Prooemium
1040 176 1209 221 generale
1234 177 1345 212 totius
1371 178 1499 223 operis.

218 299 323 348 typis
344 297 498 336 additur
518 296 581 333 vel
601 295 732 345 potius
753 294 1023 343 subiungitur;
1053 294 1155 344 quod
1175 295 1412 344 superfluum
1431 308 1528 333 sane
1558 297 1672 344 atque
1700 294 1985 345 vituperatione

218 358 376 406 dignum
414 357 536 402 foret,
577 355 611 392 si
649 354 744 393 solis
772 354 1102 404 historiographis
1132 357 1171 391 et
1202 353 1413 403 philologis
1451 354 1525 392 hoc
1564 367 1662 404 opus
1701 354 1984 402 destinaretur3

217 429 351 454 verum
383 415 501 453 etiam
529 414 618 464 piae
647 414 807 452 lectioni
838 417 875 451 et
906 412 1056 451 salubri
1083 412 1288 451 monitioni
1318 413 1488 451 omnium
1509 413 1719 452 Societatis
1747 414 1840 452 Iesu
1866 414 1985 452 homi-

216 489 306 513 num
338 475 587 524 aliquatenus
616 473 808 511 inservire
839 473 974 518 debet3
1005 472 1081 522 qui,
1111 485 1182 522 per
1209 475 1334 510 totum
1365 473 1496 510 orbem
1525 473 1675 522 sparsi,
1714 486 1793 510 non
1820 477 1986 522 possunt

215 534 360 583 singuli
388 537 447 572 tot
475 534 630 571 litteras
660 532 859 570 commode
888 532 1020 580 legere
1050 535 1089 569 et
1117 531 1371 581 interpretari
1399 531 1558 581 antiquo
1587 532 1654 570 illo
1684 545 1863 570 sermone
1892 531 1984 570 Ger-

215 606 419 631 manorum
449 595 487 631 et
517 592 707 630 Italorum
737 590 994 640 conscriptas.

334 659 380 696 In
410 657 599 696 eiusmodi
637 657 827 694 lectorum
865 655 1032 705 gratiam
1070 655 1189 694 etiam
1226 656 1438 694 nonnullae
1473 656 1746 695 adnotationes
1777 657 1984 704 adduntur,

215 730 312 766 quas
342 731 411 767 pro
441 716 642 755 historicis
672 716 815 753 addere
846 718 952 753 certe
983 727 1320 765 supervacaneum
1345 718 1452 761 erat3
1481 728 1554 753 nec
1582 719 1714 754 tamen
1733 729 1780 754 ea
1800 729 1984 754 enarrare

213 777 341 814 visum
380 779 459 823 est,
501 789 598 825 quae
636 775 805 824 ingeniis
843 774 1011 812 excultis
1050 778 1113 812 sat
1149 778 1244 812 nota
1279 777 1371 812 sunt
1409 774 1473 812 vel
1510 775 1551 812 in
1589 775 1761 824 quolibet
1796 775 1984 813 historiae

214 836 443 885 compendio
482 835 599 873 facile
642 833 804 884 reperiri
841 837 1018 884 possunt.
1083 833 1426 883 Supervacaneum
1466 833 1583 871 etiam
1623 837 1683 872 est
1719 847 1876 873 monere
1920 835 1984 873 ad-

211 895 437 933 notationes
466 895 556 932 illas
584 897 720 932 tantae
750 892 999 931 auctoritatis
1028 906 1107 931 non
1136 906 1236 939 esse,
1267 896 1437 942 quantae
1465 893 1589 942 ipsius
1611 893 1757 932 Canisii
1781 894 1981 943 epistulas,

214 955 284 992 sed
313 967 398 992 eam
427 958 580 993 tantum
608 954 723 991 fidem
751 953 799 991 iis
828 952 965 991 haberi
993 965 1123 1002 posse,
1154 965 1229 1002 qua
1257 951 1333 1002 ipsi
1361 952 1451 990 libri
1480 952 1588 1001 digni
1616 956 1728 999 sunt,
1765 966 1815 991 ex
1843 953 1982 1002 quibus

215 1017 426 1063 excerptae
456 1026 544 1052 esse
575 1013 764 1051 dicentur.

331 1080 436 1117 Ante
467 1079 643 1127 singulas
672 1081 804 1116 autem
834 1076 1044 1127 epistulas,
1075 1090 1125 1115 ex
1154 1076 1293 1126 quibus
1321 1077 1489 1115 haustae
1519 1076 1598 1115 sint
1626 1077 1884 1124 fontibus,
1926 1077 1982 1116 ita

211 1138 469 1184 indicabitur,
508 1142 550 1176 ut
588 1137 712 1188 primo
751 1137 837 1175 loco
877 1149 1031 1186 semper
1069 1136 1194 1175 codex
1230 1136 1297 1174 ille
1327 1136 1565 1186 scriptumve
1598 1140 1788 1187 ponatur,
1827 1136 1869 1174 in
1907 1149 1980 1186 quo

211 1197 299 1247 ipsa
338 1197 456 1235 editio
495 1197 607 1246 quasi
643 1196 802 1242 nititur,
845 1199 1059 1245 sequantur
1088 1195 1166 1233 alia
1204 1196 1384 1245 exempla
1422 1195 1583 1234 minoris
1619 1196 1788 1242 valoris,
1827 1195 1981 1245 quibus-

214 1269 301 1294 cum
330 1257 478 1306 primus
507 1257 573 1294 ille
601 1256 690 1294 fons
721 1256 888 1294 collatus
918 1259 998 1301 est,
1038 1268 1084 1292 ac
1112 1255 1271 1293 tandem
1299 1255 1405 1301 libri,
1444 1255 1485 1293 in
1514 1255 1653 1304 quibus
1681 1255 1783 1294 forte
1812 1255 1981 1305 epistula

212 1316 279 1353 illa
308 1315 385 1354 iam
415 1316 519 1354 edita
541 1315 791 1365 conspicitur.
830 1314 939 1352 Neve
969 1313 1173 1363 quisquam
1197 1314 1359 1352 miretur
1386 1327 1675 1364 nonnumquam
1697 1315 1872 1352 recentia
1892 1327 1981 1364 apo-

211 1376 362 1425 grapha
392 1375 562 1425 antiquis
582 1375 762 1425 praelata
792 1387 900 1420 esse3
931 1374 1111 1423 praelata
1137 1378 1240 1420 sunt,
1270 1373 1360 1423 quia
1386 1375 1596 1412 constabat
1626 1387 1672 1412 ea
1701 1387 1724 1411 a
1752 1374 1848 1412 viris
1878 1374 1982 1412 omni

211 1435 287 1472 fide
325 1434 454 1483 dignis
488 1448 538 1472 ex
574 1434 671 1484 ipsis
710 1433 937 1483 archetypis
977 1432 1174 1482 descripta
1213 1445 1321 1479 esse;
1361 1433 1622 1482 antiquiorum
1660 1437 1790 1471 autem
1825 1433 1981 1471 illorum

211 1495 479 1544 exemplorum
509 1494 722 1544 scriptores
751 1492 994 1542 proximique
1021 1492 1151 1531 fontes
1179 1492 1474 1541 ignorabantur.
1520 1493 1581 1531 Ex
1619 1492 1801 1543 operibus
1830 1505 1981 1542 quoque

210 1553 317 1602 typis
355 1553 563 1602 descriptis
600 1552 863 1591 lectiones
900 1551 1196 1598 variantes,
1236 1564 1333 1601 quas
1365 1555 1532 1598 vocant,
1570 1565 1858 1601 nonnumquam
1895 1565 1979 1601 pro-

210 1615 424 1662 ponentur;
463 1612 602 1650 harum
641 1612 743 1650 enim
781 1611 882 1649 aliae
918 1611 965 1649 ad
1003 1612 1124 1649 verba
1155 1610 1302 1649 canisii
1341 1624 1363 1649 a
1393 1611 1625 1660 corruptelis
1657 1611 1862 1661 purganda
1892 1623 1979 1649 con-

210 1671 361 1716 ferent,
402 1671 502 1709 aliae
541 1674 693 1718 autem,
733 1684 847 1720 quam
884 1683 1008 1721 parva
1045 1670 1143 1708 fides
1173 1670 1387 1708 editoribus
1417 1670 1647 1720 quibusdam
1676 1670 1812 1709 haberi
1839 1669 1977 1720 possit,

210 1731 476 1769 declarabunt.

316 1796 404 1834 Hoc
434 1809 584 1845 quoque
622 1796 838 1834 notandum
876 1798 937 1833 est
975 1808 1042 1833 eas
1082 1794 1295 1845 epistulas,
1333 1808 1430 1844 quas
1464 1798 1604 1833 auctor
1633 1795 1683 1841 (v.
1713 1808 1749 1844 g.
1782 1795 1977 1839 Canisius,

213 1855 306 1893 Otto
337 1855 636 1901 Truchsessius)
676 1868 748 1893 sua
784 1867 902 1892 manu
934 1854 1113 1904 scripsit,
1159 1854 1563 1905 „autographas“
1606 1856 1654 1892 ab
1693 1854 1842 1892 editore
1880 1854 1976 1900 dici;

209 1914 299 1952 illas
329 1928 433 1960 vero,
464 1927 561 1963 quas
591 1917 751 1952 auctore
782 1914 954 1951 dictante
976 1914 1039 1951 vel
1059 1914 1271 1951 mandante
1295 1913 1394 1952 alius
1415 1913 1585 1964 scripsit,
1621 1914 1976 1963 „archetypas⁶;

209 1973 243 2011 si
272 1987 347 2023 qua
378 1974 545 2023 epistula
575 1975 624 2011 ab
655 1974 731 2011 alio
762 1973 959 2023 descripta
987 1973 1116 2019 fuerit,
1146 1973 1221 2011 hoc
1245 1973 1464 2023 exemplum
1489 1973 1880 2023 „apographum“
1913 1986 1976 2010 vo-

210 2036 333 2079 catur,
356 2037 394 2071 et
413 2033 461 2078 is,
483 2033 547 2083 qui
568 2032 787 2082 descripsit,
813 2032 1109 2079 „librarius“
1129 2032 1161 2078 ¹;
1191 2032 1286 2070 illud
1306 2032 1470 2081 denique
1490 2032 1691 2082 scriptum,
1713 2045 1786 2081 quo
1807 2032 1977 2082 epistula

208 2092 295 2142 ipsa
314 2092 480 2142 primum
499 2096 758 2142 praeparatur
778 2092 862 2130 sive
883 2092 1135 2130 adumbratur
1155 2091 1360 2138 (Entwurf,
1384 2091 1566 2141 Concept,
1588 2091 1793 2136 brouillon‚
1814 2091 1976 2136 minuta,

209 2152 378 2199 sketch),
408 2152 524 2190 huius
554 2151 683 2202 operis
714 2151 839 2189 editor
859 2164 947 2189 cum
967 2150 1181 2189 editoribus
1202 2151 1459 2201 epistularum
1478 2150 1668 2189 Stanislai
1687 2150 1803 2189 Hosii
1836 2163 1878 2198 „c
1891 2163 1975 2188 om-

208 2224 246 2248 m
258 2224 277 2249 e
288 2214 340 2248 nt
353 2224 374 2248 a
387 2211 464 2249 riu
474 2225 511 2249 ni
520 2212 533 2229 ⁶
568 2211 766 2261 appellare
795 2210 944 2249 statuit.

314 2276 362 2313 In
390 2276 466 2314 fine
497 2276 683 2325 cuiusque
713 2276 906 2326 epistulae
934 2275 1139 2324 inscriptio
1160 2275 1256 2320 eius,
1287 2275 1321 2313 si
1348 2274 1534 2321 exstabit,
1565 2277 1794 2324 apponetur,
1825 2277 1864 2312 et
1882 2287 1976 2312 non-

207 2348 416 2384 numquam
445 2335 660 2374 minoribus
688 2335 794 2385 typis
824 2348 870 2373 ea
901 2334 1166 2380 ascribentur,
1205 2347 1303 2383 quae
1341 2347 1419 2372 non
1457 2338 1538 2372 tam
1575 2347 1639 2371 res
1678 2333 1899 2382 singulares
1935 2332 1976 2370 in

209 2395 377 2444 epistula
406 2395 554 2433 relatas
584 2398 766 2444 spectant
793 2394 855 2441 (de
885 2394 946 2432 his
976 2393 1078 2431 enim
1107 2393 1383 2432 adnotationes
1404 2393 1444 2431 in
1463 2393 1704 2442 marginibus
1724 2392 1975 2430 inferioribus

209 2454 450 2502 singularum
479 2454 710 2503 paginarum
739 2453 889 2503 positas
917 2453 1123 2491 consulere
1151 2453 1322 2502 oportet)
1352 2465 1466 2501 quam
1485 2455 1610 2490 totam
1631 2451 1858 2501 epistulam:
1890 2451 1974 2489 eius

209 2513 562 2559 authenticitatem,
592 2513 872 2561 integritatem,
902 2512 1121 2557 historiam,
1151 2515 1316 2561 tempus,
1347 2524 1421 2560 quo
1452 2511 1543 2549 data
1573 2514 1633 2548 est
1661 2514 1734 2548 eto.

316 2578 411 2616 Cum
432 2582 561 2616 autem
581 2578 763 2616 Canisius
783 2591 861 2615 non
882 2577 975 2623 suis,
998 2577 1067 2615 sed
1086 2576 1210 2627 ipsius
1231 2589 1368 2615 sacrae
1389 2576 1614 2626 Scripturae
1634 2575 1764 2613 verbis
1791 2575 1972 2624 loquitur,

209 2650 256 2675 ea
283 2639 405 2675 verba
433 2637 574 2687 typis
602 2637 766 2675 latius
797 2636 1079 2686 dispositis
1110 2635 1394 2681 describuntur,
1424 2635 1538 2684 idque
1568 2647 1612 2672 eo
1644 2634 1817 2680 consilio,
1848 2638 1891 2672 ut
1919 2633 1973 2671 in-

208 2696 430 2745 tellegatur,
452 2709 566 2745 quam
586 2696 833 2734 familiariter
853 2696 968 2733 simul
989 2709 1034 2733 ac
1053 2698 1281 2733 reverenter
1302 2694 1519 2732 catholicus
1539 2694 1605 2732 ille
1625 2693 1774 2731 saeculi
1794 2692 1898 2731 XVI.
1913 2692 1974 2730 vir

210 2756 332 2793 Sacra
353 2755 553 2805 Scriptura
583 2769 677 2793 usus
707 2755 770 2801 sit,
802 2767 992 2804 quamque
1021 2754 1185 2792 firmiter
1212 2753 1252 2791 in
1273 2766 1319 2791 ea
1340 2752 1537 2791 sententia
1566 2752 1733 2797 steterit,
1764 2765 1876 2801 quam
1906 2751 1972 2788 ali-

210 2814 362 2863 quando
383 2814 422 2852 in
452 2814 623 2852 libellum
649 2814 841 2863 quendam
870 2826 981 2852 suum
1001 2813 1227 2851 rettulerat:
1262 2811 1615 2859 „Laudatissimum
1635 2814 1674 2849 et
1693 2812 1776 2849 Deo
1796 2809 1972 2859 gratissi-

209 2886 324 2919 mum,
346 2873 447 2922 quod
468 2873 590 2911 oculis
610 2874 724 2911 homo
745 2874 876 2911 facere
897 2875 1025 2922 queat,
1047 2875 1139 2910 sunt
1159 2871 1302 2909 amoris
1323 2871 1520 2920 lacrymae
1541 2874 1579 2908 et
1594 2882 1730 2908 sacrae
1745 2869 1971 2918 Scripturae

331 3014 341 3034 ¹
368 3012 456 3047 Cum
482 3013 592 3056 igitur
618 3011 770 3056 epistula
810 3011 929 3055 aliqua
964 3010 1160 3056 archetypa
1195 3022 1262 3045 non
1299 3010 1344 3045 ab
1379 3010 1514 3044 editore
1544 3010 1639 3054 ipso,
1674 3009 1737 3042 sed
1773 3008 1816 3042 ab
1852 3007 1969 3052 aliquo

210 3065 286 3100 eius
313 3066 425 3100 amico
450 3065 610 3100 sodalive
636 3065 715 3098 visa
742 3066 775 3098 et
804 3064 982 3108 descripta
1009 3065 1074 3103 est,
1105 3063 1140 3097 id
1166 3075 1307 3108 semper
1333 3063 1464 3097 diserte
1491 3061 1647 3107 patefiet.
1699 3060 1797 3095 Idem
1823 3072 1908 3095 vero
1935 3060 1970 3094 in

208 3118 296 3153 locis
322 3131 462 3163 quoque
489 3119 560 3153 illis
586 3119 724 3159 facere,
761 3118 820 3162 qui
847 3117 882 3151 in
909 3117 1197 3152 adnotationibus
1227 3117 1441 3157 afferuntur,
1477 3126 1604 3160 operae
1630 3114 1783 3159 pretium
1819 3126 1889 3148 non
1915 3115 1970 3147 est

209 3173 338 3206 visum.
