<?xml version="1.0" encoding="UTF-8"?>
<!DOCTYPE html PUBLIC "-//W3C//DTD XHTML 1.0 Transitional//EN"
    "http://www.w3.org/TR/xhtml1/DTD/xhtml1-transitional.dtd">
<html xmlns="http://www.w3.org/1999/xhtml" xml:lang="en" lang="en">
 <head>
  <title>
</title>
<meta http-equiv="Content-Type" content="text/html;charset=utf-8" />
  <meta name='ocr-system' content='tesseract 3.04.00' />
  <meta name='ocr-capabilities' content='ocr_page ocr_carea ocr_par ocr_line ocrx_word'/>
</head>
<body>
  <div class='ocr_page' id='page_1' title='image "beatipetricanisi01cani_0330.png"; bbox 0 0 2113 3430; ppageno 0'>
   <div class='ocr_carea' id='block_1_1' title="bbox 220 203 1600 253">
    <p class='ocr_par' dir='ltr' id='par_1_1' title="bbox 220 203 1600 253">
     <span class='ocr_line' id='line_1_1' title="bbox 220 203 1600 253; baseline 0.004 -16"><span class='ocrx_word' id='word_1_1' title='bbox 220 207 303 247; x_wconf 77' lang='lat'>260</span> <span class='ocrx_word' id='word_1_2' title='bbox 591 204 646 238; x_wconf 76' lang='lat'>57.</span> <span class='ocrx_word' id='word_1_3' title='bbox 684 203 849 238; x_wconf 84' lang='lat' dir='ltr'>Canisius</span> <span class='ocrx_word' id='word_1_4' title='bbox 873 205 1015 238; x_wconf 87' lang='lat' dir='ltr'>nomine</span> <span class='ocrx_word' id='word_1_5' title='bbox 1042 203 1076 239; x_wconf 81' lang='lat' dir='ltr'>S.</span> <span class='ocrx_word' id='word_1_6' title='bbox 1102 205 1235 249; x_wconf 88' lang='lat' dir='ltr'>Ignatii</span> <span class='ocrx_word' id='word_1_7' title='bbox 1259 205 1402 241; x_wconf 84' lang='lat' dir='ltr'>Ruardo</span> <span class='ocrx_word' id='word_1_8' title='bbox 1427 207 1600 253; x_wconf 80' lang='lat' dir='ltr'>Tappero.</span> 
     </span>
    </p>
   </div>
   <div class='ocr_carea' id='block_1_2' title="bbox 207 322 1983 2396">
    <p class='ocr_par' dir='ltr' id='par_1_2' title="bbox 207 322 1983 2396">
     <span class='ocr_line' id='line_1_2' title="bbox 219 322 1982 380; baseline 0.003 -16"><span class='ocrx_word' id='word_1_9' title='bbox 219 336 301 375; x_wconf 88' lang='lat' dir='ltr'>qua</span> <span class='ocrx_word' id='word_1_10' title='bbox 343 322 482 365; x_wconf 82' lang='lat' dir='ltr'>fretus</span> <span class='ocrx_word' id='word_1_11' title='bbox 523 325 672 365; x_wconf 88' lang='lat' dir='ltr'>noster</span> <span class='ocrx_word' id='word_1_12' title='bbox 710 322 754 364; x_wconf 93' lang='lat' dir='ltr'>in</span> <span class='ocrx_word' id='word_1_13' title='bbox 787 322 955 366; x_wconf 87' lang='lat' dir='ltr'>Christo</span> <span class='ocrx_word' id='word_1_14' title='bbox 987 323 1123 366; x_wconf 83' lang='lat' dir='ltr'>Jhesu</span> <span class='ocrx_word' id='word_1_15' title='bbox 1159 326 1286 378; x_wconf 86' lang='lat' dir='ltr'>pater</span> <span class='ocrx_word' id='word_1_16' title='bbox 1319 327 1362 367; x_wconf 87' lang='lat' dir='ltr'>et</span> <span class='ocrx_word' id='word_1_17' title='bbox 1393 326 1666 380; x_wconf 87' lang='lat' dir='ltr'>praepositus</span> <span class='ocrx_word' id='word_1_18' title='bbox 1698 327 1750 370; x_wconf 94' lang='lat' dir='ltr'>D.</span> <span class='ocrx_word' id='word_1_19' title='bbox 1783 326 1982 380; x_wconf 89' lang='lat' dir='ltr'>Ignatius</span> 
     </span>
     <span class='ocr_line' id='line_1_3' title="bbox 217 387 1983 444; baseline 0.002 -15"><span class='ocrx_word' id='word_1_20' title='bbox 217 390 320 430; x_wconf 88' lang='lat' dir='ltr'>tuae</span> <span class='ocrx_word' id='word_1_21' title='bbox 353 387 391 429; x_wconf 90' lang='lat' dir='ltr'>d.</span> <span class='ocrx_word' id='word_1_22' title='bbox 434 387 477 429; x_wconf 90' lang='lat' dir='ltr'>in</span> <span class='ocrx_word' id='word_1_23' title='bbox 519 387 688 430; x_wconf 84' lang='lat' dir='ltr'>domino</span> <span class='ocrx_word' id='word_1_24' title='bbox 720 387 806 430; x_wconf 90' lang='lat' dir='ltr'>iam</span> <span class='ocrx_word' id='word_1_25' title='bbox 846 388 1013 442; x_wconf 84' lang='lat' dir='ltr'>pridem</span> <span class='ocrx_word' id='word_1_26' title='bbox 1045 388 1387 440; x_wconf 78' lang='lat' dir='ltr'>addictissimus,</span> <span class='ocrx_word' id='word_1_27' title='bbox 1431 404 1509 432; x_wconf 89' lang='lat' dir='ltr'>sua</span> <span class='ocrx_word' id='word_1_28' title='bbox 1550 392 1760 444; x_wconf 79' lang='lat' dir='ltr'>quaedam</span> <span class='ocrx_word' id='word_1_29' title='bbox 1803 391 1983 434; x_wconf 87' lang='lat' dir='ltr'>consilia</span> 
     </span>
     <span class='ocr_line' id='line_1_4' title="bbox 216 452 1980 506; baseline 0.003 -12"><span class='ocrx_word' id='word_1_30' title='bbox 216 466 294 506; x_wconf 90' lang='lat' dir='ltr'>per</span> <span class='ocrx_word' id='word_1_31' title='bbox 324 466 444 494; x_wconf 89' lang='lat' dir='ltr'>meas</span> <span class='ocrx_word' id='word_1_32' title='bbox 484 452 615 494; x_wconf 86' lang='lat' dir='ltr'>hasce</span> <span class='ocrx_word' id='word_1_33' title='bbox 655 452 806 496; x_wconf 89' lang='lat' dir='ltr'>literas</span> <span class='ocrx_word' id='word_1_34' title='bbox 847 453 1109 496; x_wconf 87' lang='lat' dir='ltr'>conferenda</span> <span class='ocrx_word' id='word_1_35' title='bbox 1143 454 1323 497; x_wconf 88' lang='lat' dir='ltr'>censuit.</span> <span class='ocrx_word' id='word_1_36' title='bbox 1386 454 1502 497; x_wconf 87' lang='lat' dir='ltr'>Nam</span> <span class='ocrx_word' id='word_1_37' title='bbox 1534 469 1629 498; x_wconf 90' lang='lat' dir='ltr'>cum</span> <span class='ocrx_word' id='word_1_38' title='bbox 1660 456 1697 498; x_wconf 92' lang='lat' dir='ltr'>is</span> <span class='ocrx_word' id='word_1_39' title='bbox 1729 457 1870 499; x_wconf 88' lang='lat' dir='ltr'>officio</span> <span class='ocrx_word' id='word_1_40' title='bbox 1903 471 1980 499; x_wconf 91' lang='lat' dir='ltr'>suo</span> 
     </span>
     <span class='ocr_line' id='line_1_5' title="bbox 216 517 1980 573; baseline 0.002 -14"><span class='ocrx_word' id='word_1_41' title='bbox 216 517 478 572; x_wconf 87' lang='lat' dir='ltr'>respondere</span> <span class='ocrx_word' id='word_1_42' title='bbox 511 517 658 572; x_wconf 88' lang='lat' dir='ltr'>(prout</span> <span class='ocrx_word' id='word_1_43' title='bbox 689 532 769 572; x_wconf 88' lang='lat' dir='ltr'>par</span> <span class='ocrx_word' id='word_1_44' title='bbox 802 517 886 571; x_wconf 85' lang='lat' dir='ltr'>est)</span> <span class='ocrx_word' id='word_1_45' title='bbox 918 518 1201 561; x_wconf 83' lang='lat' dir='ltr'>vehementer</span> <span class='ocrx_word' id='word_1_46' title='bbox 1232 522 1430 573; x_wconf 89' lang='lat' dir='ltr'>satagat,</span> <span class='ocrx_word' id='word_1_47' title='bbox 1464 519 1665 563; x_wconf 89' lang='lat' dir='ltr'>nimirum</span> <span class='ocrx_word' id='word_1_48' title='bbox 1696 524 1745 564; x_wconf 89' lang='lat' dir='ltr'>vt</span> <span class='ocrx_word' id='word_1_49' title='bbox 1776 522 1831 564; x_wconf 92' lang='lat' dir='ltr'>ad</span> <span class='ocrx_word' id='word_1_50' title='bbox 1863 536 1980 563; x_wconf 90' lang='lat' dir='ltr'>sum-</span> 
     </span>
     <span class='ocr_line' id='line_1_6' title="bbox 216 582 1979 640; baseline 0.002 -16"><span class='ocrx_word' id='word_1_51' title='bbox 216 596 331 624; x_wconf 88' lang='lat' dir='ltr'>mam</span> <span class='ocrx_word' id='word_1_52' title='bbox 364 582 518 624; x_wconf 89' lang='lat' dir='ltr'>summi</span> <span class='ocrx_word' id='word_1_53' title='bbox 550 582 618 624; x_wconf 90' lang='lat' dir='ltr'>dei</span> <span class='ocrx_word' id='word_1_54' title='bbox 648 583 831 636; x_wconf 79' lang='lat' dir='ltr'>gloriam</span> <span class='ocrx_word' id='word_1_55' title='bbox 864 582 1035 637; x_wconf 90' lang='lat' dir='ltr'>singula</span> <span class='ocrx_word' id='word_1_56' title='bbox 1076 583 1298 626; x_wconf 84' lang='lat' dir='ltr'>societatis</span> <span class='ocrx_word' id='word_1_57' title='bbox 1334 584 1460 626; x_wconf 88' lang='lat' dir='ltr'>huius</span> <span class='ocrx_word' id='word_1_58' title='bbox 1491 586 1684 628; x_wconf 91' lang='lat' dir='ltr'>membra</span> <span class='ocrx_word' id='word_1_59' title='bbox 1715 587 1856 640; x_wconf 86' lang='lat' dir='ltr'>quoad</span> <span class='ocrx_word' id='word_1_60' title='bbox 1887 587 1979 628; x_wconf 83' lang='lat' dir='ltr'>fieri</span> 
     </span>
     <span class='ocr_line' id='line_1_7' title="bbox 215 648 1981 705; baseline 0.003 -16"><span class='ocrx_word' id='word_1_61' title='bbox 215 648 375 701; x_wconf 88' lang='lat' dir='ltr'>possit,</span> <span class='ocrx_word' id='word_1_62' title='bbox 408 651 791 702; x_wconf 54' lang='lat' dir='ltr'>promoueantuffl,</span> <span class='ocrx_word' id='word_1_63' title='bbox 832 648 913 690; x_wconf 91' lang='lat' dir='ltr'>hoc</span> <span class='ocrx_word' id='word_1_64' title='bbox 947 648 1073 690; x_wconf 79' lang='lat' dir='ltr'>enixe</span> <span class='ocrx_word' id='word_1_65' title='bbox 1105 648 1185 690; x_wconf 88' lang='lat' dir='ltr'>sibi</span> <span class='ocrx_word' id='word_1_66' title='bbox 1219 649 1455 691; x_wconf 87' lang='lat' dir='ltr'>curandum</span> <span class='ocrx_word' id='word_1_67' title='bbox 1486 650 1731 704; x_wconf 75' lang='lat' dir='ltr'>proposuit,</span> <span class='ocrx_word' id='word_1_68' title='bbox 1773 653 1822 694; x_wconf 81' lang='lat' dir='ltr'>vt</span> <span class='ocrx_word' id='word_1_69' title='bbox 1854 654 1981 705; x_wconf 92' lang='lat' dir='ltr'>quot-</span> 
     </span>
     <span class='ocr_line' id='line_1_8' title="bbox 216 713 1980 771; baseline 0.003 -17"><span class='ocrx_word' id='word_1_70' title='bbox 216 716 321 766; x_wconf 92' lang='lat' dir='ltr'>quot</span> <span class='ocrx_word' id='word_1_71' title='bbox 353 713 522 756; x_wconf 86' lang='lat' dir='ltr'>Christo</span> <span class='ocrx_word' id='word_1_72' title='bbox 564 713 804 767; x_wconf 88' lang='lat' dir='ltr'>inspirante</span> <span class='ocrx_word' id='word_1_73' title='bbox 844 713 942 755; x_wconf 88' lang='lat' dir='ltr'>huic</span> <span class='ocrx_word' id='word_1_74' title='bbox 983 716 1132 756; x_wconf 89' lang='lat' dir='ltr'>nostro</span> <span class='ocrx_word' id='word_1_75' title='bbox 1164 713 1365 756; x_wconf 86' lang='lat' dir='ltr'>instituto</span> <span class='ocrx_word' id='word_1_76' title='bbox 1406 728 1453 756; x_wconf 89' lang='lat' dir='ltr'>se</span> <span class='ocrx_word' id='word_1_77' title='bbox 1486 715 1668 767; x_wconf 90' lang='lat' dir='ltr'>dedunt,</span> <span class='ocrx_word' id='word_1_78' title='bbox 1711 730 1761 758; x_wconf 90' lang='lat' dir='ltr'>ac</span> <span class='ocrx_word' id='word_1_79' title='bbox 1801 719 1980 771; x_wconf 87' lang='lat' dir='ltr'>propter</span> 
     </span>
     <span class='ocr_line' id='line_1_9' title="bbox 216 777 1979 833; baseline 0.002 -14"><span class='ocrx_word' id='word_1_80' title='bbox 216 777 432 821; x_wconf 82' lang='lat' dir='ltr'>Christum</span> <span class='ocrx_word' id='word_1_81' title='bbox 464 779 678 832; x_wconf 88' lang='lat' dir='ltr'>regendos</span> <span class='ocrx_word' id='word_1_82' title='bbox 710 778 790 833; x_wconf 88' lang='lat' dir='ltr'>ipsi</span> <span class='ocrx_word' id='word_1_83' title='bbox 824 793 870 820; x_wconf 85' lang='lat' dir='ltr'>se</span> <span class='ocrx_word' id='word_1_84' title='bbox 902 781 1020 822; x_wconf 92' lang='lat' dir='ltr'>totos</span> <span class='ocrx_word' id='word_1_85' title='bbox 1053 780 1250 829; x_wconf 85' lang='lat' dir='ltr'>offerunt,</span> <span class='ocrx_word' id='word_1_86' title='bbox 1291 793 1438 821; x_wconf 87' lang='lat' dir='ltr'>eorum</span> <span class='ocrx_word' id='word_1_87' title='bbox 1469 779 1656 833; x_wconf 89' lang='lat' dir='ltr'>ingenia,</span> <span class='ocrx_word' id='word_1_88' title='bbox 1688 795 1842 832; x_wconf 88' lang='lat' dir='ltr'>mores,</span> <span class='ocrx_word' id='word_1_89' title='bbox 1877 796 1979 823; x_wconf 92' lang='lat' dir='ltr'>con-</span> 
     </span>
     <span class='ocr_line' id='line_1_10' title="bbox 215 843 1979 899; baseline 0.002 -14"><span class='ocrx_word' id='word_1_90' title='bbox 215 843 484 897; x_wconf 87' lang='lat' dir='ltr'>ditionesque</span> <span class='ocrx_word' id='word_1_91' title='bbox 516 847 797 898; x_wconf 79' lang='lat' dir='ltr'>praenoscat,</span> <span class='ocrx_word' id='word_1_92' title='bbox 830 844 874 885; x_wconf 90' lang='lat' dir='ltr'>id</span> <span class='ocrx_word' id='word_1_93' title='bbox 906 858 1010 886; x_wconf 83' lang='lat' dir='ltr'>vero</span> <span class='ocrx_word' id='word_1_94' title='bbox 1044 844 1179 894; x_wconf 83' lang='lat' dir='ltr'>datis,</span> <span class='ocrx_word' id='word_1_95' title='bbox 1218 844 1493 899; x_wconf 76' lang='lat' dir='ltr'>acceptisque</span> <span class='ocrx_word' id='word_1_96' title='bbox 1525 848 1674 888; x_wconf 89' lang='lat' dir='ltr'>mutuo</span> <span class='ocrx_word' id='word_1_97' title='bbox 1706 845 1843 888; x_wconf 88' lang='lat' dir='ltr'>literis</span> <span class='ocrx_word' id='word_1_98' title='bbox 1875 847 1979 889; x_wconf 88' lang='lat' dir='ltr'>solis</span> 
     </span>
     <span class='ocr_line' id='line_1_11' title="bbox 214 909 1979 964; baseline 0.002 -14"><span class='ocrx_word' id='word_1_99' title='bbox 214 909 361 963; x_wconf 88' lang='lat' dir='ltr'>perfici</span> <span class='ocrx_word' id='word_1_100' title='bbox 393 909 567 951; x_wconf 88' lang='lat' dir='ltr'>minime</span> <span class='ocrx_word' id='word_1_101' title='bbox 588 923 716 964; x_wconf 86' lang='lat' dir='ltr'>posse</span> <span class='ocrx_word' id='word_1_102' title='bbox 747 909 1043 963; x_wconf 81' lang='lat' dir='ltr'>experimento</span> <span class='ocrx_word' id='word_1_103' title='bbox 1075 909 1243 952; x_wconf 88' lang='lat' dir='ltr'>didicit:</span> <span class='ocrx_word' id='word_1_104' title='bbox 1277 909 1534 964; x_wconf 88' lang='lat' dir='ltr'>praesertim</span> <span class='ocrx_word' id='word_1_105' title='bbox 1565 910 1601 952; x_wconf 91' lang='lat' dir='ltr'>si</span> <span class='ocrx_word' id='word_1_106' title='bbox 1633 910 1802 964; x_wconf 90' lang='lat' dir='ltr'>longius</span> <span class='ocrx_word' id='word_1_107' title='bbox 1834 911 1979 955; x_wconf 90' lang='lat' dir='ltr'>absint</span> 
     </span>
     <span class='ocr_line' id='line_1_12' title="bbox 213 973 1977 1029; baseline 0.001 -14"><span class='ocrx_word' id='word_1_108' title='bbox 213 973 269 1025; x_wconf 88' lang='lat' dir='ltr'>hi,</span> <span class='ocrx_word' id='word_1_109' title='bbox 305 988 411 1027; x_wconf 90' lang='lat' dir='ltr'>quos</span> <span class='ocrx_word' id='word_1_110' title='bbox 444 973 559 1015; x_wconf 90' lang='grc'><strong>0111111</strong></span> <span class='ocrx_word' id='word_1_111' title='bbox 591 988 645 1016; x_wconf 82' lang='lat' dir='ltr'>ex</span> <span class='ocrx_word' id='word_1_112' title='bbox 677 978 802 1028; x_wconf 87' lang='lat' dir='ltr'>parte</span> <span class='ocrx_word' id='word_1_113' title='bbox 829 975 1044 1028; x_wconf 83' lang='lat' dir='ltr'>cognosci,</span> <span class='ocrx_word' id='word_1_114' title='bbox 1080 978 1123 1017; x_wconf 93' lang='lat' dir='ltr'>et</span> <span class='ocrx_word' id='word_1_115' title='bbox 1156 975 1209 1016; x_wconf 86' lang='lat' dir='ltr'>ad</span> <span class='ocrx_word' id='word_1_116' title='bbox 1242 974 1555 1029; x_wconf 85' lang='lat' dir='ltr'>professionem</span> <span class='ocrx_word' id='word_1_117' title='bbox 1586 975 1697 1017; x_wconf 91' lang='lat' dir='ltr'>hanc</span> <span class='ocrx_word' id='word_1_118' title='bbox 1729 975 1902 1018; x_wconf 89' lang='lat' dir='ltr'>minime</span> <span class='ocrx_word' id='word_1_119' title='bbox 1933 976 1977 1018; x_wconf 91' lang='lat' dir='ltr'>in</span> 
     </span>
     <span class='ocr_line' id='line_1_13' title="bbox 213 1039 1977 1094; baseline 0.002 -15"><span class='ocrx_word' id='word_1_120' title='bbox 213 1039 425 1082; x_wconf 80' lang='lat' dir='ltr'>vtramuis</span> <span class='ocrx_word' id='word_1_121' title='bbox 454 1042 623 1092; x_wconf 85' lang='lat' dir='ltr'>partem</span> <span class='ocrx_word' id='word_1_122' title='bbox 646 1039 872 1093; x_wconf 76' lang='lat' dir='ltr'>vulgarem</span> <span class='ocrx_word' id='word_1_123' title='bbox 894 1039 1063 1082; x_wconf 89' lang='lat' dir='ltr'>institui</span> <span class='ocrx_word' id='word_1_124' title='bbox 1085 1039 1220 1082; x_wconf 87' lang='lat' dir='ltr'>solide</span> <span class='ocrx_word' id='word_1_125' title='bbox 1243 1040 1454 1093; x_wconf 88' lang='lat' dir='ltr'>congruit.</span> <span class='ocrx_word' id='word_1_126' title='bbox 1503 1040 1595 1090; x_wconf 84' lang='lat' dir='ltr'>Qua</span> <span class='ocrx_word' id='word_1_127' title='bbox 1617 1040 1788 1094; x_wconf 88' lang='lat' dir='ltr'>quidem</span> <span class='ocrx_word' id='word_1_128' title='bbox 1809 1040 1977 1084; x_wconf 87' lang='lat' dir='ltr'>ratione</span> 
     </span>
     <span class='ocr_line' id='line_1_14' title="bbox 215 1102 1976 1159; baseline 0.002 -14"><span class='ocrx_word' id='word_1_129' title='bbox 215 1102 398 1146; x_wconf 87' lang='lat' dir='ltr'>dominib</span> <span class='ocrx_word' id='word_1_130' title='bbox 429 1104 491 1146; x_wconf 92' lang='lat' dir='ltr'>illi</span> <span class='ocrx_word' id='word_1_131' title='bbox 525 1118 631 1157; x_wconf 89' lang='lat' dir='ltr'>quos</span> <span class='ocrx_word' id='word_1_132' title='bbox 664 1105 996 1147; x_wconf 90' lang='lat' dir='ltr'>commemoraui</span> <span class='ocrx_word' id='word_1_133' title='bbox 1028 1105 1156 1148; x_wconf 91' lang='lat' dir='ltr'>istinc</span> <span class='ocrx_word' id='word_1_134' title='bbox 1187 1105 1230 1146; x_wconf 90' lang='grc'>111</span> <span class='ocrx_word' id='word_1_135' title='bbox 1263 1105 1412 1147; x_wconf 85' lang='lat' dir='ltr'>vrbem</span> <span class='ocrx_word' id='word_1_136' title='bbox 1446 1105 1618 1148; x_wconf 87' lang='lat' dir='ltr'>evocati</span> <span class='ocrx_word' id='word_1_137' title='bbox 1649 1108 1771 1156; x_wconf 86' lang='lat' dir='ltr'>sunt,</span> <span class='ocrx_word' id='word_1_138' title='bbox 1804 1104 1976 1159; x_wconf 90' lang='lat' dir='ltr'>iamque</span> 
     </span>
     <span class='ocr_line' id='line_1_15' title="bbox 213 1169 1975 1225; baseline 0.001 -15"><span class='ocrx_word' id='word_1_139' title='bbox 213 1169 475 1212; x_wconf 74' lang='lat' dir='ltr'>vocationis⁰</span> <span class='ocrx_word' id='word_1_140' title='bbox 497 1170 733 1212; x_wconf 89' lang='lat' dir='ltr'>salutarem</span> <span class='ocrx_word' id='word_1_141' title='bbox 756 1170 882 1212; x_wconf 83' lang='lat' dir='ltr'>valde</span> <span class='ocrx_word' id='word_1_142' title='bbox 904 1170 1092 1213; x_wconf 85' lang='lat' dir='ltr'>fructum</span> <span class='ocrx_word' id='word_1_143' title='bbox 1120 1184 1205 1212; x_wconf 88' lang='lat' dir='ltr'>vna</span> <span class='ocrx_word' id='word_1_144' title='bbox 1237 1184 1405 1212; x_wconf 89' lang='lat' dir='ltr'>mecum</span> <span class='ocrx_word' id='word_1_145' title='bbox 1437 1170 1624 1225; x_wconf 90' lang='lat' dir='ltr'>capiunt.</span> <span class='ocrx_word' id='word_1_146' title='bbox 1672 1170 1839 1212; x_wconf 86' lang='lat' dir='ltr'>Rursus</span> <span class='ocrx_word' id='word_1_147' title='bbox 1870 1185 1975 1213; x_wconf 87' lang='lat' dir='ltr'>vero</span> 
     </span>
     <span class='ocr_line' id='line_1_16' title="bbox 212 1233 1976 1288; baseline 0.001 -12"><span class='ocrx_word' id='word_1_148' title='bbox 212 1233 307 1288; x_wconf 85' lang='lat' dir='ltr'>pari</span> <span class='ocrx_word' id='word_1_149' title='bbox 340 1235 391 1277; x_wconf 91' lang='lat' dir='ltr'>de</span> <span class='ocrx_word' id='word_1_150' title='bbox 425 1249 556 1277; x_wconf 87' lang='lat' dir='ltr'>causa</span> <span class='ocrx_word' id='word_1_151' title='bbox 587 1235 669 1277; x_wconf 90' lang='lat' dir='ltr'>huc</span> <span class='ocrx_word' id='word_1_152' title='bbox 701 1234 787 1277; x_wconf 85' lang='lat' dir='ltr'>iam</span> <span class='ocrx_word' id='word_1_153' title='bbox 818 1250 931 1277; x_wconf 90' lang='lat' dir='ltr'>nunc</span> <span class='ocrx_word' id='word_1_154' title='bbox 964 1238 1202 1278; x_wconf 86' lang='lat' dir='ltr'>euocantur</span> <span class='ocrx_word' id='word_1_155' title='bbox 1224 1236 1280 1278; x_wconf 90' lang='lat' dir='ltr'>M.</span> <span class='ocrx_word' id='word_1_156' title='bbox 1305 1235 1461 1278; x_wconf 88' lang='lat' dir='ltr'>Petrus</span> <span class='ocrx_word' id='word_1_157' title='bbox 1493 1236 1548 1278; x_wconf 90' lang='lat' dir='ltr'>ab</span> <span class='ocrx_word' id='word_1_158' title='bbox 1579 1236 1896 1286; x_wconf 77' lang='lat' dir='ltr'>Armenteria1‚</span> <span class='ocrx_word' id='word_1_159' title='bbox 1931 1239 1976 1279; x_wconf 86' lang='lat' dir='ltr'>et</span> 
     </span>
     <span class='ocr_line' id='line_1_17' title="bbox 212 1299 1975 1355; baseline 0.001 -14"><span class='ocrx_word' id='word_1_160' title='bbox 212 1299 269 1342; x_wconf 82' lang='lat' dir='ltr'>M.</span> <span class='ocrx_word' id='word_1_161' title='bbox 293 1299 449 1342; x_wconf 80' lang='lat' dir='ltr'>Daniel</span> <span class='ocrx_word' id='word_1_162' title='bbox 472 1300 524 1342; x_wconf 89' lang='lat' dir='ltr'>de</span> <span class='ocrx_word' id='word_1_163' title='bbox 546 1300 909 1343; x_wconf 82' lang='lat' dir='ltr'>Deneramunda2</span> <span class='ocrx_word' id='word_1_164' title='bbox 940 1301 1102 1343; x_wconf 86' lang='lat' dir='ltr'>fratres</span> <span class='ocrx_word' id='word_1_165' title='bbox 1127 1301 1170 1342; x_wconf 91' lang='lat' dir='ltr'>in</span> <span class='ocrx_word' id='word_1_166' title='bbox 1193 1301 1363 1343; x_wconf 89' lang='lat' dir='ltr'>domino</span> <span class='ocrx_word' id='word_1_167' title='bbox 1387 1300 1672 1344; x_wconf 88' lang='lat' dir='ltr'>amantissimi</span> <span class='ocrx_word' id='word_1_168' title='bbox 1694 1300 1975 1355; x_wconf 86' lang='lat' dir='ltr'>discipulique</span> 
     </span>
     <span class='ocr_line' id='line_1_18' title="bbox 211 1365 1975 1419; baseline 0.001 -13"><span class='ocrx_word' id='word_1_169' title='bbox 211 1365 360 1407; x_wconf 85' lang='lat' dir='ltr'>vestri.</span> <span class='ocrx_word' id='word_1_170' title='bbox 390 1365 543 1418; x_wconf 89' lang='lat' dir='ltr'>quibus</span> <span class='ocrx_word' id='word_1_171' title='bbox 566 1368 610 1408; x_wconf 90' lang='lat' dir='ltr'>et</span> <span class='ocrx_word' id='word_1_172' title='bbox 631 1365 716 1407; x_wconf 86' lang='lat' dir='ltr'>iam</span> <span class='ocrx_word' id='word_1_173' title='bbox 741 1366 810 1407; x_wconf 89' lang='lat' dir='ltr'>diu</span> <span class='ocrx_word' id='word_1_174' title='bbox 833 1366 876 1407; x_wconf 91' lang='grc'>111</span> <span class='ocrx_word' id='word_1_175' title='bbox 899 1366 1013 1408; x_wconf 79' lang='lat' dir='ltr'>votis</span> <span class='ocrx_word' id='word_1_176' title='bbox 1035 1366 1118 1408; x_wconf 83' lang='lat' dir='ltr'>fuit</span> <span class='ocrx_word' id='word_1_177' title='bbox 1138 1366 1409 1415; x_wconf 89' lang='lat' dir='ltr'>humilitatis,</span> <span class='ocrx_word' id='word_1_178' title='bbox 1444 1366 1798 1419; x_wconf 86' lang='lat' dir='ltr'>obedientiaeque</span> <span class='ocrx_word' id='word_1_179' title='bbox 1821 1366 1975 1419; x_wconf 84' lang='lat' dir='ltr'>officijs</span> 
     </span>
     <span class='ocr_line' id='line_1_19' title="bbox 212 1430 1973 1485; baseline 0 -13"><span class='ocrx_word' id='word_1_180' title='bbox 212 1444 357 1472; x_wconf 88' lang='lat' dir='ltr'>coram</span> <span class='ocrx_word' id='word_1_181' title='bbox 378 1430 446 1472; x_wconf 91' lang='grc'><strong>1110</strong></span> <span class='ocrx_word' id='word_1_182' title='bbox 469 1444 563 1472; x_wconf 82' lang='grc'><strong>3030</strong></span> <span class='ocrx_word' id='word_1_183' title='bbox 586 1431 807 1473; x_wconf 87' lang='lat' dir='ltr'>nobiscum</span> <span class='ocrx_word' id='word_1_184' title='bbox 824 1431 964 1484; x_wconf 90' lang='lat' dir='ltr'>magis</span> <span class='ocrx_word' id='word_1_185' title='bbox 981 1431 1206 1484; x_wconf 80' lang='lat' dir='ltr'>magisque</span> <span class='ocrx_word' id='word_1_186' title='bbox 1223 1432 1430 1485; x_wconf 86' lang='lat' dir='ltr'>probatos</span> <span class='ocrx_word' id='word_1_187' title='bbox 1452 1431 1644 1474; x_wconf 88' lang='lat' dir='ltr'>reddere.</span> <span class='ocrx_word' id='word_1_188' title='bbox 1682 1431 1776 1473; x_wconf 89' lang='lat' dir='ltr'>Nec</span> <span class='ocrx_word' id='word_1_189' title='bbox 1798 1430 1973 1484; x_wconf 87' lang='lat' dir='ltr'>ignora-</span> 
     </span>
     <span class='ocr_line' id='line_1_20' title="bbox 211 1495 1973 1551; baseline 0.001 -15"><span class='ocrx_word' id='word_1_190' title='bbox 211 1509 306 1537; x_wconf 87' lang='lat' dir='ltr'>mus</span> <span class='ocrx_word' id='word_1_191' title='bbox 332 1495 506 1538; x_wconf 87' lang='lat' dir='ltr'>interim</span> <span class='ocrx_word' id='word_1_192' title='bbox 528 1496 824 1538; x_wconf 83' lang='lat' dir='ltr'>vniuersitatis</span> <span class='ocrx_word' id='word_1_193' title='bbox 846 1499 1020 1539; x_wconf 73' lang='lat' dir='ltr'>vestrae</span> <span class='ocrx_word' id='word_1_194' title='bbox 1051 1496 1346 1551; x_wconf 86' lang='lat' dir='ltr'>pientissimae</span> <span class='ocrx_word' id='word_1_195' title='bbox 1378 1510 1624 1538; x_wconf 89' lang='lat' dir='ltr'>successum</span> <span class='ocrx_word' id='word_1_196' title='bbox 1657 1499 1701 1539; x_wconf 85' lang='lat' dir='ltr'>et</span> <span class='ocrx_word' id='word_1_197' title='bbox 1732 1495 1973 1538; x_wconf 87' lang='lat' dir='ltr'>studiorum</span> 
     </span>
     <span class='ocr_line' id='line_1_21' title="bbox 209 1560 1971 1615; baseline 0.001 -13"><span class='ocrx_word' id='word_1_198' title='bbox 209 1560 254 1602; x_wconf 94' lang='lat' dir='ltr'>in</span> <span class='ocrx_word' id='word_1_199' title='bbox 294 1574 346 1603; x_wconf 92' lang='lat' dir='ltr'>ea</span> <span class='ocrx_word' id='word_1_200' title='bbox 387 1561 550 1603; x_wconf 90' lang='lat' dir='ltr'>cultum</span> <span class='ocrx_word' id='word_1_201' title='bbox 590 1575 641 1603; x_wconf 88' lang='lat' dir='ltr'>ac</span> <span class='ocrx_word' id='word_1_202' title='bbox 673 1561 888 1614; x_wconf 81' lang='lat' dir='ltr'>vigorem,</span> <span class='ocrx_word' id='word_1_203' title='bbox 932 1564 981 1603; x_wconf 87' lang='lat' dir='ltr'>vt</span> <span class='ocrx_word' id='word_1_204' title='bbox 1022 1575 1146 1614; x_wconf 90' lang='lat' dir='ltr'>quem</span> <span class='ocrx_word' id='word_1_205' title='bbox 1189 1565 1233 1604; x_wconf 88' lang='lat' dir='ltr'>et</span> <span class='ocrx_word' id='word_1_206' title='bbox 1265 1564 1444 1603; x_wconf 78' lang='lat' dir='ltr'>exterae</span> <span class='ocrx_word' id='word_1_207' title='bbox 1476 1561 1674 1604; x_wconf 87' lang='lat' dir='ltr'>nationes</span> <span class='ocrx_word' id='word_1_208' title='bbox 1704 1561 1971 1615; x_wconf 85' lang='lat' dir='ltr'>praedicant,</span> 
     </span>
     <span class='ocr_line' id='line_1_22' title="bbox 211 1624 1972 1669; baseline -0.001 -1"><span class='ocrx_word' id='word_1_209' title='bbox 211 1629 254 1668; x_wconf 91' lang='lat' dir='ltr'>et</span> <span class='ocrx_word' id='word_1_210' title='bbox 285 1628 376 1668; x_wconf 89' lang='lat' dir='ltr'>tam</span> <span class='ocrx_word' id='word_1_211' title='bbox 408 1626 533 1669; x_wconf 88' lang='lat' dir='ltr'>multi</span> <span class='ocrx_word' id='word_1_212' title='bbox 565 1626 746 1668; x_wconf 89' lang='lat' dir='ltr'>studiosi</span> <span class='ocrx_word' id='word_1_213' title='bbox 778 1641 944 1668; x_wconf 89' lang='lat' dir='ltr'>summo</span> <span class='ocrx_word' id='word_1_214' title='bbox 977 1641 1072 1668; x_wconf 92' lang='lat' dir='ltr'>cum</span> <span class='ocrx_word' id='word_1_215' title='bbox 1104 1626 1249 1669; x_wconf 85' lang='lat' dir='ltr'>fructu</span> <span class='ocrx_word' id='word_1_216' title='bbox 1281 1641 1357 1668; x_wconf 92' lang='lat' dir='ltr'>suo</span> <span class='ocrx_word' id='word_1_217' title='bbox 1380 1624 1608 1669; x_wconf 69' lang='lat' dir='ltr'>sentiuntd.</span> <span class='ocrx_word' id='word_1_218' title='bbox 1635 1661 1643 1668; x_wconf 89' lang='lat'><em>.</em></span> <span class='ocrx_word' id='word_1_219' title='bbox 1670 1660 1678 1668; x_wconf 89' lang='lat'><strong>.</strong></span> <span class='ocrx_word' id='word_1_220' title='bbox 1705 1661 1712 1668; x_wconf 95' lang='lat'>.</span> <span class='ocrx_word' id='word_1_221' title='bbox 1744 1626 1972 1668; x_wconf 88' lang='lat' dir='ltr'>nonnullos</span> 
     </span>
     <span class='ocr_line' id='line_1_23' title="bbox 211 1691 1970 1746; baseline 0 -13"><span class='ocrx_word' id='word_1_222' title='bbox 211 1691 343 1733; x_wconf 89' lang='lat' dir='ltr'>etiam</span> <span class='ocrx_word' id='word_1_223' title='bbox 375 1705 430 1733; x_wconf 80' lang='lat' dir='ltr'>ex</span> <span class='ocrx_word' id='word_1_224' title='bbox 463 1691 622 1735; x_wconf 86' lang='lat' dir='ltr'>nostris</span> <span class='ocrx_word' id='word_1_225' title='bbox 664 1691 724 1733; x_wconf 87' lang='grc'>310</span> <span class='ocrx_word' id='word_1_226' title='bbox 757 1692 891 1746; x_wconf 87' lang='lat' dir='ltr'>probe</span> <span class='ocrx_word' id='word_1_227' title='bbox 922 1691 1146 1735; x_wconf 88' lang='lat' dir='ltr'>institutos</span> <span class='ocrx_word' id='word_1_228' title='bbox 1186 1691 1283 1735; x_wconf 89' lang='lat' dir='ltr'>istic</span> <span class='ocrx_word' id='word_1_229' title='bbox 1315 1705 1410 1734; x_wconf 90' lang='lat' dir='ltr'>esse</span> <span class='ocrx_word' id='word_1_230' title='bbox 1441 1691 1700 1745; x_wconf 86' lang='lat' dir='ltr'>gaudemus,</span> <span class='ocrx_word' id='word_1_231' title='bbox 1743 1692 1818 1733; x_wconf 89' lang='lat' dir='ltr'>sed</span> <span class='ocrx_word' id='word_1_232' title='bbox 1852 1694 1895 1733; x_wconf 90' lang='lat' dir='ltr'>et</span> <span class='ocrx_word' id='word_1_233' title='bbox 1926 1691 1970 1733; x_wconf 91' lang='lat' dir='ltr'>in</span> 
     </span>
     <span class='ocr_line' id='line_1_24' title="bbox 208 1755 1972 1811; baseline 0.001 -13"><span class='ocrx_word' id='word_1_234' title='bbox 208 1759 430 1810; x_wconf 84' lang='lat' dir='ltr'>posterum</span> <span class='ocrx_word' id='word_1_235' title='bbox 452 1757 587 1799; x_wconf 91' lang='lat' dir='ltr'>multo</span> <span class='ocrx_word' id='word_1_236' title='bbox 609 1758 755 1811; x_wconf 87' lang='lat' dir='ltr'>plures</span> <span class='ocrx_word' id='word_1_237' title='bbox 776 1757 873 1800; x_wconf 90' lang='lat' dir='ltr'>istic</span> <span class='ocrx_word' id='word_1_238' title='bbox 894 1757 1062 1800; x_wconf 86' lang='lat' dir='ltr'>institui</span> <span class='ocrx_word' id='word_1_239' title='bbox 1085 1757 1290 1811; x_wconf 87' lang='lat' dir='ltr'>cupimus,</span> <span class='ocrx_word' id='word_1_240' title='bbox 1326 1771 1421 1799; x_wconf 92' lang='lat' dir='ltr'>cum</span> <span class='ocrx_word' id='word_1_241' title='bbox 1442 1771 1529 1798; x_wconf 91' lang='lat' dir='ltr'>non</span> <span class='ocrx_word' id='word_1_242' title='bbox 1560 1755 1725 1798; x_wconf 88' lang='lat' dir='ltr'>modico</span> <span class='ocrx_word' id='word_1_243' title='bbox 1748 1756 1972 1799; x_wconf 84' lang='lat' dir='ltr'>doctrinae</span> 
     </span>
     <span class='ocr_line' id='line_1_25' title="bbox 209 1821 1969 1877; baseline -0.001 -14"><span class='ocrx_word' id='word_1_244' title='bbox 209 1822 353 1864; x_wconf 84' lang='lat' dir='ltr'>fructu</span> <span class='ocrx_word' id='word_1_245' title='bbox 385 1822 428 1863; x_wconf 89' lang='lat' dir='ltr'>id</span> <span class='ocrx_word' id='word_1_246' title='bbox 460 1822 552 1864; x_wconf 82' lang='lat' dir='ltr'>fore</span> <span class='ocrx_word' id='word_1_247' title='bbox 584 1837 808 1876; x_wconf 87' lang='lat' dir='ltr'>speramus</span> <span class='ocrx_word' id='word_1_248' title='bbox 848 1823 950 1865; x_wconf 90' lang='lat' dir='ltr'>licet</span> <span class='ocrx_word' id='word_1_249' title='bbox 989 1822 1033 1864; x_wconf 91' lang='lat' dir='ltr'>in</span> <span class='ocrx_word' id='word_1_250' title='bbox 1073 1822 1321 1877; x_wconf 87' lang='lat' dir='ltr'>praesentia</span> <span class='ocrx_word' id='word_1_251' title='bbox 1352 1822 1473 1864; x_wconf 80' lang='lat' dir='ltr'>velut</span> <span class='ocrx_word' id='word_1_252' title='bbox 1504 1835 1527 1863; x_wconf 93' lang='lat' dir='ltr'>e</span> <span class='ocrx_word' id='word_1_253' title='bbox 1558 1821 1698 1863; x_wconf 89' lang='lat' dir='ltr'>medio</span> <span class='ocrx_word' id='word_1_254' title='bbox 1731 1821 1969 1863; x_wconf 89' lang='lat' dir='ltr'>studiorum</span> 
     </span>
     <span class='ocr_line' id='line_1_26' title="bbox 210 1885 1968 1941; baseline 0 -13"><span class='ocrx_word' id='word_1_255' title='bbox 210 1901 335 1928; x_wconf 86' lang='lat' dir='ltr'>cursu</span> <span class='ocrx_word' id='word_1_256' title='bbox 359 1887 532 1940; x_wconf 89' lang='lat' dir='ltr'>quidam</span> <span class='ocrx_word' id='word_1_257' title='bbox 553 1887 636 1929; x_wconf 90' lang='lat' dir='ltr'>huc</span> <span class='ocrx_word' id='word_1_258' title='bbox 657 1891 928 1931; x_wconf 89' lang='lat' dir='ltr'>reuocentur.</span> <span class='ocrx_word' id='word_1_259' title='bbox 978 1888 1071 1930; x_wconf 92' lang='lat' dir='ltr'>Hoc</span> <span class='ocrx_word' id='word_1_260' title='bbox 1098 1887 1210 1930; x_wconf 91' lang='lat' dir='ltr'>enim</span> <span class='ocrx_word' id='word_1_261' title='bbox 1242 1887 1388 1940; x_wconf 91' lang='lat' dir='ltr'>agitur</span> <span class='ocrx_word' id='word_1_262' title='bbox 1417 1889 1468 1929; x_wconf 87' lang='lat' dir='ltr'>vt</span> <span class='ocrx_word' id='word_1_263' title='bbox 1498 1886 1560 1928; x_wconf 90' lang='lat' dir='ltr'>illi</span> <span class='ocrx_word' id='word_1_264' title='bbox 1590 1885 1671 1941; x_wconf 89' lang='lat' dir='ltr'>ipsi</span> <span class='ocrx_word' id='word_1_265' title='bbox 1707 1886 1968 1940; x_wconf 89' lang='lat' dir='ltr'>aliquamdiu</span> 
     </span>
     <span class='ocr_line' id='line_1_27' title="bbox 208 1950 1972 2007; baseline 0 -15"><span class='ocrx_word' id='word_1_266' title='bbox 208 1951 277 1992; x_wconf 91' lang='lat' dir='ltr'>hic</span> <span class='ocrx_word' id='word_1_267' title='bbox 300 1952 534 2004; x_wconf 90' lang='lat' dir='ltr'>aegredum</span> <span class='ocrx_word' id='word_1_268' title='bbox 556 1952 728 2006; x_wconf 88' lang='lat' dir='ltr'>probati</span> <span class='ocrx_word' id='word_1_269' title='bbox 751 1955 795 1995; x_wconf 88' lang='lat' dir='ltr'>et</span> <span class='ocrx_word' id='word_1_270' title='bbox 819 1955 920 2007; x_wconf 90' lang='lat' dir='ltr'>post</span> <span class='ocrx_word' id='word_1_271' title='bbox 941 1952 1154 1995; x_wconf 85' lang='lat' dir='ltr'>foeliciter</span> <span class='ocrx_word' id='word_1_272' title='bbox 1184 1952 1297 1995; x_wconf 89' lang='lat' dir='ltr'>istuc</span> <span class='ocrx_word' id='word_1_273' title='bbox 1327 1951 1504 2003; x_wconf 85' lang='lat' dir='ltr'>reuersi,</span> <span class='ocrx_word' id='word_1_274' title='bbox 1540 1965 1636 1993; x_wconf 91' lang='lat' dir='ltr'>cum</span> <span class='ocrx_word' id='word_1_275' title='bbox 1658 1951 1739 1993; x_wconf 89' lang='lat' dir='ltr'>sibi</span> <span class='ocrx_word' id='word_1_276' title='bbox 1759 1954 1852 1993; x_wconf 91' lang='lat' dir='ltr'>tum</span> <span class='ocrx_word' id='word_1_277' title='bbox 1874 1950 1972 2004; x_wconf 85' lang='lat' dir='ltr'>alijs</span> 
     </span>
     <span class='ocr_line' id='line_1_28' title="bbox 208 2015 1971 2071; baseline 0 -14"><span class='ocrx_word' id='word_1_278' title='bbox 208 2016 387 2070; x_wconf 85' lang='lat' dir='ltr'>Louanij</span> <span class='ocrx_word' id='word_1_279' title='bbox 420 2031 498 2070; x_wconf 90' lang='lat' dir='ltr'>pro</span> <span class='ocrx_word' id='word_1_280' title='bbox 530 2016 644 2058; x_wconf 79' lang='lat' dir='ltr'>virili</span> <span class='ocrx_word' id='word_1_281' title='bbox 676 2020 801 2071; x_wconf 84' lang='lat' dir='ltr'>parte</span> <span class='ocrx_word' id='word_1_282' title='bbox 835 2018 1083 2068; x_wconf 90' lang='lat' dir='ltr'>consulant,</span> <span class='ocrx_word' id='word_1_283' title='bbox 1128 2020 1171 2060; x_wconf 91' lang='lat' dir='ltr'>et</span> <span class='ocrx_word' id='word_1_284' title='bbox 1212 2017 1248 2059; x_wconf 89' lang='lat' dir='ltr'>si</span> <span class='ocrx_word' id='word_1_285' title='bbox 1289 2017 1402 2071; x_wconf 90' lang='lat' dir='ltr'>quod</span> <span class='ocrx_word' id='word_1_286' title='bbox 1443 2031 1469 2059; x_wconf 90' lang='lat' dir='ltr'>a</span> <span class='ocrx_word' id='word_1_287' title='bbox 1510 2016 1589 2058; x_wconf 87' lang='lat' dir='ltr'>deo</span> <span class='ocrx_word' id='word_1_288' title='bbox 1620 2016 1834 2059; x_wconf 89' lang='lat' dir='ltr'>talentum</span> <span class='ocrx_word' id='word_1_289' title='bbox 1865 2015 1971 2070; x_wconf 88' lang='lat' dir='ltr'>ipsis</span> 
     </span>
     <span class='ocr_line' id='line_1_29' title="bbox 208 2080 1970 2135; baseline 0 -13"><span class='ocrx_word' id='word_1_290' title='bbox 208 2080 291 2122; x_wconf 89' lang='lat' dir='ltr'>erit</span> <span class='ocrx_word' id='word_1_291' title='bbox 323 2081 378 2123; x_wconf 89' lang='lat' dir='ltr'>ad</span> <span class='ocrx_word' id='word_1_292' title='bbox 409 2081 490 2123; x_wconf 89' lang='lat' dir='ltr'>hoc</span> <span class='ocrx_word' id='word_1_293' title='bbox 522 2082 814 2124; x_wconf 87' lang='lat' dir='ltr'>concreditum</span> <span class='ocrx_word' id='word_1_294' title='bbox 846 2082 889 2124; x_wconf 90' lang='lat' dir='ltr'>in</span> <span class='ocrx_word' id='word_1_295' title='bbox 922 2082 1147 2126; x_wconf 88' lang='lat' dir='ltr'>ciuitatum</span> <span class='ocrx_word' id='word_1_296' title='bbox 1179 2082 1526 2135; x_wconf 88' lang='lat' dir='ltr'>germanicarum</span> <span class='ocrx_word' id='word_1_297' title='bbox 1558 2081 1730 2135; x_wconf 91' lang='lat' dir='ltr'>aliquod</span> <span class='ocrx_word' id='word_1_298' title='bbox 1763 2080 1970 2123; x_wconf 80' lang='lat' dir='ltr'>auxilium</span> 
     </span>
     <span class='ocr_line' id='line_1_30' title="bbox 209 2145 1972 2201; baseline 0 -14"><span class='ocrx_word' id='word_1_299' title='bbox 209 2160 264 2187; x_wconf 81' lang='lat' dir='ltr'>ex</span> <span class='ocrx_word' id='word_1_300' title='bbox 294 2146 491 2200; x_wconf 87' lang='lat' dir='ltr'>professo</span> <span class='ocrx_word' id='word_1_301' title='bbox 523 2146 787 2201; x_wconf 87' lang='lat' dir='ltr'>impendant.</span> <span class='ocrx_word' id='word_1_302' title='bbox 844 2147 997 2201; x_wconf 89' lang='lat' dir='ltr'>Neque</span> <span class='ocrx_word' id='word_1_303' title='bbox 1030 2147 1224 2189; x_wconf 86' lang='lat' dir='ltr'>dissimili</span> <span class='ocrx_word' id='word_1_304' title='bbox 1257 2146 1433 2189; x_wconf 90' lang='lat' dir='ltr'>consilio</span> <span class='ocrx_word' id='word_1_305' title='bbox 1466 2147 1702 2189; x_wconf 90' lang='lat' dir='ltr'>etiamnum</span> <span class='ocrx_word' id='word_1_306' title='bbox 1734 2145 1972 2188; x_wconf 87' lang='lat' dir='ltr'>accersitur</span> 
     </span>
     <span class='ocr_line' id='line_1_31' title="bbox 208 2210 1970 2267; baseline -0.001 -15"><span class='ocrx_word' id='word_1_307' title='bbox 208 2211 264 2253; x_wconf 84' lang='lat' dir='ltr'>M.</span> <span class='ocrx_word' id='word_1_308' title='bbox 300 2211 506 2254; x_wconf 89' lang='lat' dir='ltr'>Nicolaus</span> <span class='ocrx_word' id='word_1_309' title='bbox 539 2212 590 2254; x_wconf 86' lang='lat' dir='ltr'>de</span> <span class='ocrx_word' id='word_1_310' title='bbox 624 2212 775 2254; x_wconf 85' lang='lat' dir='ltr'>Gauda</span> <span class='ocrx_word' id='word_1_311' title='bbox 806 2213 1039 2266; x_wconf 87' lang='lat' dir='ltr'>Bergensis</span> <span class='ocrx_word' id='word_1_312' title='bbox 1070 2214 1271 2267; x_wconf 85' lang='lat' dir='ltr'>pastor3,</span> <span class='ocrx_word' id='word_1_313' title='bbox 1314 2226 1399 2254; x_wconf 89' lang='lat' dir='ltr'>non</span> <span class='ocrx_word' id='word_1_314' title='bbox 1431 2212 1568 2253; x_wconf 89' lang='lat' dir='ltr'>solum</span> <span class='ocrx_word' id='word_1_315' title='bbox 1601 2214 1650 2254; x_wconf 87' lang='lat' dir='ltr'>vt</span> <span class='ocrx_word' id='word_1_316' title='bbox 1682 2210 1895 2253; x_wconf 87' lang='lat' dir='ltr'>diuturnis</span> <span class='ocrx_word' id='word_1_317' title='bbox 1926 2210 1970 2251; x_wconf 90' lang='lat' dir='ltr'>in</span> 
     </span>
     <span class='ocr_line' id='line_1_32' title="bbox 207 2275 1969 2332; baseline -0.001 -15"><span class='ocrx_word' id='word_1_318' title='bbox 207 2276 287 2318; x_wconf 90' lang='lat' dir='ltr'>hoc</span> <span class='ocrx_word' id='word_1_319' title='bbox 319 2276 452 2330; x_wconf 88' lang='lat' dir='ltr'>ipsius</span> <span class='ocrx_word' id='word_1_320' title='bbox 475 2277 697 2332; x_wconf 85' lang='lat' dir='ltr'>desiderijs</span> <span class='ocrx_word' id='word_1_321' title='bbox 720 2278 907 2320; x_wconf 88' lang='lat' dir='ltr'>satisfiat</span> <span class='ocrx_word' id='word_1_322' title='bbox 928 2278 1117 2328; x_wconf 88' lang='lat' dir='ltr'>tandem,</span> <span class='ocrx_word' id='word_1_323' title='bbox 1151 2292 1301 2320; x_wconf 81' lang='lat' dir='ltr'>verum</span> <span class='ocrx_word' id='word_1_324' title='bbox 1333 2277 1465 2320; x_wconf 89' lang='lat' dir='ltr'>etiam</span> <span class='ocrx_word' id='word_1_325' title='bbox 1487 2279 1536 2319; x_wconf 88' lang='lat' dir='ltr'>vt</span> <span class='ocrx_word' id='word_1_326' title='bbox 1559 2279 1602 2318; x_wconf 87' lang='lat' dir='ltr'>et</span> <span class='ocrx_word' id='word_1_327' title='bbox 1623 2276 1715 2330; x_wconf 90' lang='lat' dir='ltr'>ipse</span> <span class='ocrx_word' id='word_1_328' title='bbox 1747 2275 1969 2317; x_wconf 90' lang='lat' dir='ltr'>nobiscum</span> 
     </span>
     <span class='ocr_line' id='line_1_33' title="bbox 207 2340 1969 2396; baseline 0 -15"><span class='ocrx_word' id='word_1_329' title='bbox 207 2340 275 2382; x_wconf 89' lang='lat' dir='ltr'>hic</span> <span class='ocrx_word' id='word_1_330' title='bbox 307 2342 515 2395; x_wconf 85' lang='lat' dir='ltr'>probatus</span> <span class='ocrx_word' id='word_1_331' title='bbox 548 2345 591 2385; x_wconf 88' lang='lat' dir='ltr'>et</span> <span class='ocrx_word' id='word_1_332' title='bbox 624 2342 911 2394; x_wconf 73' lang='lat' dir='ltr'>exercitatus,</span> <span class='ocrx_word' id='word_1_333' title='bbox 947 2346 991 2385; x_wconf 91' lang='lat' dir='ltr'>et</span> <span class='ocrx_word' id='word_1_334' title='bbox 1025 2342 1282 2385; x_wconf 83' lang='lat' dir='ltr'>Germaniae</span> <span class='ocrx_word' id='word_1_335' title='bbox 1314 2356 1418 2384; x_wconf 89' lang='lat' dir='ltr'>suae</span> <span class='ocrx_word' id='word_1_336' title='bbox 1450 2344 1603 2396; x_wconf 92' lang='lat' dir='ltr'>postea</span> <span class='ocrx_word' id='word_1_337' title='bbox 1635 2340 1850 2391; x_wconf 88' lang='lat' dir='ltr'>redditus,</span> <span class='ocrx_word' id='word_1_338' title='bbox 1883 2354 1969 2382; x_wconf 91' lang='grc'><strong>11011</strong></span> 
     </span>
    </p>
   </div>
   <div class='ocr_carea' id='block_1_3' title="bbox 325 2479 1333 2630">
    <p class='ocr_par' dir='ltr' id='par_1_3' title="bbox 325 2479 1333 2630">
     <span class='ocr_line' id='line_1_34' title="bbox 325 2479 1280 2524; baseline 0.001 -12"><span class='ocrx_word' id='word_1_339' title='bbox 325 2484 338 2497; x_wconf 78' lang='lat'>³</span> <span class='ocrx_word' id='word_1_340' title='bbox 361 2479 662 2524; x_wconf 82' lang='lat' dir='ltr'>promouchantur</span> <span class='ocrx_word' id='word_1_341' title='bbox 689 2492 810 2523; x_wconf 70' lang='lat' dir='ltr'>apoyr.</span> <span class='ocrx_word' id='word_1_342' title='bbox 955 2479 969 2499; x_wconf 73' lang='lat' dir='ltr'>b</span> <span class='ocrx_word' id='word_1_343' title='bbox 993 2480 1132 2514; x_wconf 87' lang='lat' dir='ltr'>domino</span> <span class='ocrx_word' id='word_1_344' title='bbox 1158 2491 1280 2523; x_wconf 60' lang='lat' dir='ltr'>«poma</span> 
     </span>
     <span class='ocr_line' id='line_1_35' title="bbox 325 2534 1333 2577; baseline 0.001 -11"><span class='ocrx_word' id='word_1_345' title='bbox 325 2538 335 2551; x_wconf 63' lang='lat'><strong>⁶</strong></span> <span class='ocrx_word' id='word_1_346' title='bbox 364 2534 533 2576; x_wconf 57' lang='lat' dir='ltr'>Sequitur</span> <span class='ocrx_word' id='word_1_347' title='bbox 558 2544 664 2574; x_wconf 82' lang='lat' dir='ltr'>suac;</span> <span class='ocrx_word' id='word_1_348' title='bbox 690 2534 749 2566; x_wconf 70' lang='lat' dir='ltr'>secl</span> <span class='ocrx_word' id='word_1_349' title='bbox 775 2545 795 2566; x_wconf 82' lang='grc' dir='ltr'>(ι</span> <span class='ocrx_word' id='word_1_350' title='bbox 822 2534 974 2567; x_wconf 72' lang='lat' dir='ltr'>librarlo</span> <span class='ocrx_word' id='word_1_351' title='bbox 1003 2535 1075 2577; x_wconf 69' lang='lat' dir='ltr'>ipso</span> <span class='ocrx_word' id='word_1_352' title='bbox 1103 2534 1251 2566; x_wconf 71' lang='lat' dir='ltr'>deletum</span> <span class='ocrx_word' id='word_1_353' title='bbox 1277 2538 1333 2567; x_wconf 67' lang='lat' dir='ltr'>est.</span> 
     </span>
     <span class='ocr_line' id='line_1_36' title="bbox 326 2585 961 2630; baseline 0.002 -12"><span class='ocrx_word' id='word_1_354' title='bbox 326 2585 338 2604; x_wconf 68' lang='lat'>&#39;¹</span> <span class='ocrx_word' id='word_1_355' title='bbox 364 2589 533 2630; x_wconf 65' lang='lat' dir='ltr'>Sequitur</span> <span class='ocrx_word' id='word_1_356' title='bbox 560 2598 624 2620; x_wconf 65' lang='lat' dir='ltr'>cos</span> <span class='ocrx_word' id='word_1_357' title='bbox 651 2588 793 2620; x_wconf 58' lang='lat' dir='ltr'>obscure</span> <span class='ocrx_word' id='word_1_358' title='bbox 817 2588 961 2630; x_wconf 64' lang='lat' dir='ltr'>scripta.</span> 
     </span>
    </p>
   </div>
   <div class='ocr_carea' id='block_1_4' title="bbox 366 2663 440 2666">
    <p class='ocr_par' dir='ltr' id='par_1_4' title="bbox 366 2663 440 2666">
     <span class='ocr_line' id='line_1_37' title="bbox 366 2663 440 2666; baseline 0 0"><span class='ocrx_word' id='word_1_359' title='bbox 366 2663 440 2666; x_wconf 95' lang='lat' dir='ltr'> </span> 
     </span>
    </p>
   </div>
   <div class='ocr_carea' id='block_1_5' title="bbox 206 2711 1968 3233">
    <p class='ocr_par' dir='ltr' id='par_1_5' title="bbox 207 2711 1968 2865">
     <span class='ocr_line' id='line_1_38' title="bbox 330 2711 1965 2757; baseline -0.002 -10"><span class='ocrx_word' id='word_1_360' title='bbox 330 2715 337 2733; x_wconf 93' lang='lat'>¹</span> <span class='ocrx_word' id='word_1_361' title='bbox 365 2714 494 2747; x_wconf 83' lang='lat' dir='ltr'>Petrus</span> <span class='ocrx_word' id='word_1_362' title='bbox 520 2714 925 2757; x_wconf 57' lang='grc'><strong>(3111011103(1103111011),</strong></span> <span class='ocrx_word' id='word_1_363' title='bbox 952 2716 1051 2748; x_wconf 83' lang='lat' dir='ltr'>ortus</span> <span class='ocrx_word' id='word_1_364' title='bbox 1078 2726 1122 2748; x_wconf 84' lang='lat' dir='ltr'>ex</span> <span class='ocrx_word' id='word_1_365' title='bbox 1149 2714 1402 2755; x_wconf 67' lang='lat' dir='ltr'>Armontieres,</span> <span class='ocrx_word' id='word_1_366' title='bbox 1429 2714 1617 2748; x_wconf 84' lang='lat' dir='ltr'>Flandriae</span> <span class='ocrx_word' id='word_1_367' title='bbox 1642 2714 1740 2754; x_wconf 87' lang='lat' dir='ltr'>urbe,</span> <span class='ocrx_word' id='word_1_368' title='bbox 1767 2724 1857 2757; x_wconf 83' lang='lat' dir='ltr'>quae</span> <span class='ocrx_word' id='word_1_369' title='bbox 1883 2711 1965 2745; x_wconf 92' lang='lat' dir='ltr'>olim</span> 
     </span>
     <span class='ocr_line' id='line_1_39' title="bbox 208 2765 1968 2811; baseline 0 -13"><span class='ocrx_word' id='word_1_370' title='bbox 208 2766 346 2800; x_wconf 69' lang='lat' dir='ltr'>comitis</span> <span class='ocrx_word' id='word_1_371' title='bbox 373 2767 586 2810; x_wconf 75' lang='lat' dir='ltr'>Egiiiontani</span> <span class='ocrx_word' id='word_1_372' title='bbox 622 2770 718 2809; x_wconf 81' lang='lat' dir='ltr'>erat,</span> <span class='ocrx_word' id='word_1_373' title='bbox 757 2780 849 2801; x_wconf 87' lang='lat' dir='ltr'>nunc</span> <span class='ocrx_word' id='word_1_374' title='bbox 885 2768 919 2801; x_wconf 91' lang='lat' dir='ltr'>in</span> <span class='ocrx_word' id='word_1_375' title='bbox 955 2767 1087 2811; x_wconf 68' lang='lat' dir='ltr'>gallica</span> <span class='ocrx_word' id='word_1_376' title='bbox 1123 2767 1259 2801; x_wconf 80' lang='lat' dir='ltr'>dicione</span> <span class='ocrx_word' id='word_1_377' title='bbox 1296 2770 1368 2808; x_wconf 81' lang='lat' dir='ltr'>est,</span> <span class='ocrx_word' id='word_1_378' title='bbox 1404 2769 1564 2801; x_wconf 85' lang='lat' dir='ltr'>mortuus</span> <span class='ocrx_word' id='word_1_379' title='bbox 1599 2778 1629 2801; x_wconf 83' lang='lat' dir='ltr'>a.</span> <span class='ocrx_word' id='word_1_380' title='bbox 1669 2767 1757 2800; x_wconf 77' lang='lat'>1565</span> <span class='ocrx_word' id='word_1_381' title='bbox 1788 2765 1968 2809; x_wconf 73' lang='lat' dir='ltr'>(Delpluce</span> 
     </span>
     <span class='ocr_line' id='line_1_40' title="bbox 207 2818 1433 2865; baseline 0.002 -14"><span class='ocrx_word' id='word_1_382' title='bbox 207 2818 228 2851; x_wconf 90' lang='lat' dir='ltr'>l.</span> <span class='ocrx_word' id='word_1_383' title='bbox 257 2830 284 2852; x_wconf 85' lang='grc'>0.</span> <span class='ocrx_word' id='word_1_384' title='bbox 312 2832 343 2863; x_wconf 78' lang='lat' dir='ltr'>p.</span> <span class='ocrx_word' id='word_1_385' title='bbox 371 2821 450 2862; x_wconf 74' lang='lat'>2*).</span> <span class='ocrx_word' id='word_1_386' title='bbox 595 2820 608 2840; x_wconf 80' lang='lat'>2</span> <span class='ocrx_word' id='word_1_387' title='bbox 634 2820 761 2854; x_wconf 80' lang='lat' dir='ltr'>Daniel</span> <span class='ocrx_word' id='word_1_388' title='bbox 787 2820 1038 2864; x_wconf 70' lang='lat' dir='ltr'>l&#39;aeybroeck;</span> <span class='ocrx_word' id='word_1_389' title='bbox 1065 2821 1109 2854; x_wconf 86' lang='lat' dir='ltr'>cf.</span> <span class='ocrx_word' id='word_1_390' title='bbox 1138 2832 1246 2865; x_wconf 87' lang='lat' dir='ltr'>supra</span> <span class='ocrx_word' id='word_1_391' title='bbox 1272 2832 1305 2865; x_wconf 92' lang='lat' dir='ltr'>p.</span> <span class='ocrx_word' id='word_1_392' title='bbox 1333 2820 1400 2854; x_wconf 78' lang='lat'>250</span> <span class='ocrx_word' id='word_1_393' title='bbox 1411 2821 1433 2854; x_wconf 76' lang='lat'>⁵.</span> 
     </span>
    </p>

    <p class='ocr_par' dir='ltr' id='par_1_6' title="bbox 206 2870 1965 3233">
     <span class='ocr_line' id='line_1_41' title="bbox 327 2870 1965 2918; baseline -0.002 -13"><span class='ocrx_word' id='word_1_394' title='bbox 327 2874 339 2890; x_wconf 77' lang='lat'>³²</span> <span class='ocrx_word' id='word_1_395' title='bbox 365 2872 533 2907; x_wconf 76' lang='lat' dir='ltr'>Nicolaus</span> <span class='ocrx_word' id='word_1_396' title='bbox 557 2873 761 2915; x_wconf 68' lang='lat' dir='ltr'>Goudanus,</span> <span class='ocrx_word' id='word_1_397' title='bbox 787 2873 965 2918; x_wconf 82' lang='lat' dir='ltr'>parochus</span> <span class='ocrx_word' id='word_1_398' title='bbox 990 2874 1025 2906; x_wconf 91' lang='lat' dir='ltr'>in</span> <span class='ocrx_word' id='word_1_399' title='bbox 1044 2873 1378 2918; x_wconf 66' lang='lat' dir='ltr'>bergen-op-Zoom.</span> <span class='ocrx_word' id='word_1_400' title='bbox 1415 2873 1491 2906; x_wconf 86' lang='lat' dir='ltr'>Hoc</span> <span class='ocrx_word' id='word_1_401' title='bbox 1517 2873 1702 2917; x_wconf 80' lang='lat' dir='ltr'>plantante</span> <span class='ocrx_word' id='word_1_402' title='bbox 1729 2874 1765 2905; x_wconf 80' lang='lat' dir='ltr'>et</span> <span class='ocrx_word' id='word_1_403' title='bbox 1794 2871 1886 2912; x_wconf 83' lang='lat' dir='ltr'>„Deo</span> <span class='ocrx_word' id='word_1_404' title='bbox 1915 2870 1965 2903; x_wconf 92' lang='lat' dir='ltr'>in-</span> 
     </span>
     <span class='ocr_line' id='line_1_42' title="bbox 208 2923 1964 2970; baseline -0.001 -13"><span class='ocrx_word' id='word_1_405' title='bbox 208 2930 426 2957; x_wconf 63' lang='lat' dir='ltr'>crementum</span> <span class='ocrx_word' id='word_1_406' title='bbox 454 2926 579 2959; x_wconf 78' lang='lat' dir='ltr'>dante“</span> <span class='ocrx_word' id='word_1_407' title='bbox 624 2938 788 2968; x_wconf 69' lang='lat' dir='ltr'>7,numero</span> <span class='ocrx_word' id='word_1_408' title='bbox 814 2928 1022 2970; x_wconf 64' lang='lat' dir='ltr'>frequenter</span> <span class='ocrx_word' id='word_1_409' title='bbox 1049 2927 1293 2960; x_wconf 83' lang='lat' dir='ltr'>confitentium</span> <span class='ocrx_word' id='word_1_410' title='bbox 1329 2929 1365 2960; x_wconf 87' lang='lat' dir='ltr'>et</span> <span class='ocrx_word' id='word_1_411' title='bbox 1401 2925 1736 2959; x_wconf 77' lang='lat' dir='ltr'>communicantium</span> <span class='ocrx_word' id='word_1_412' title='bbox 1775 2923 1964 2966; x_wconf 75' lang='lat' dir='ltr'>quamdam</span> 
     </span>
     <span class='ocr_line' id='line_1_43' title="bbox 208 2975 1964 3023; baseline -0.001 -14"><span class='ocrx_word' id='word_1_413' title='bbox 208 2976 410 3020; x_wconf 70' lang='lat' dir='ltr'>primitivae</span> <span class='ocrx_word' id='word_1_414' title='bbox 438 2978 618 3012; x_wconf 68' lang='grc'><strong>1100103100</strong></span> <span class='ocrx_word' id='word_1_415' title='bbox 646 2980 773 3013; x_wconf 79' lang='lat' dir='ltr'>facicm</span> <span class='ocrx_word' id='word_1_416' title='bbox 799 2980 993 3022; x_wconf 78' lang='lat' dir='ltr'>Bergensis</span> <span class='ocrx_word' id='word_1_417' title='bbox 1020 2979 1171 3014; x_wconf 85' lang='lat' dir='ltr'>ccclesia</span> <span class='ocrx_word' id='word_1_418' title='bbox 1198 2991 1282 3023; x_wconf 86' lang='lat' dir='ltr'>prae</span> <span class='ocrx_word' id='word_1_419' title='bbox 1318 2981 1375 3013; x_wconf 74' lang='lat' dir='ltr'>sc“</span> <span class='ocrx_word' id='word_1_420' title='bbox 1414 2978 1570 3017; x_wconf 53' lang='lat' dir='ltr'>ferebam</span> <span class='ocrx_word' id='word_1_421' title='bbox 1611 2975 1873 3018; x_wconf 73' lang='lat' dir='ltr'>,conviviorum</span> <span class='ocrx_word' id='word_1_422' title='bbox 1906 2988 1964 3008; x_wconf 70' lang='lat' dir='ltr'>cx-</span> 
     </span>
     <span class='ocr_line' id='line_1_44' title="bbox 207 3027 1964 3076; baseline -0.001 -14"><span class='ocrx_word' id='word_1_423' title='bbox 207 3040 348 3069; x_wconf 70' lang='grc'><strong>0033113,</strong></span> <span class='ocrx_word' id='word_1_424' title='bbox 375 3042 415 3063; x_wconf 74' lang='lat' dir='ltr'>ac</span> <span class='ocrx_word' id='word_1_425' title='bbox 444 3031 596 3065; x_wconf 76' lang='lat' dir='ltr'>vestium</span> <span class='ocrx_word' id='word_1_426' title='bbox 623 3044 773 3076; x_wconf 85' lang='lat' dir='ltr'>pompae</span> <span class='ocrx_word' id='word_1_427' title='bbox 800 3032 1113 3072; x_wconf 81' lang='lat' dir='ltr'>1·escindebantur;</span> <span class='ocrx_word' id='word_1_428' title='bbox 1151 3059 1158 3066; x_wconf 91' lang='lat'><strong>.</strong></span> <span class='ocrx_word' id='word_1_429' title='bbox 1186 3060 1192 3066; x_wconf 94' lang='lat'><em>.</em></span> <span class='ocrx_word' id='word_1_430' title='bbox 1221 3059 1227 3066; x_wconf 94' lang='lat'>.</span> <span class='ocrx_word' id='word_1_431' title='bbox 1255 3032 1348 3066; x_wconf 86' lang='lat' dir='ltr'>unde</span> <span class='ocrx_word' id='word_1_432' title='bbox 1375 3030 1633 3065; x_wconf 85' lang='lat' dir='ltr'>Marchionissa</span> <span class='ocrx_word' id='word_1_433' title='bbox 1660 3028 1869 3071; x_wconf 81' lang='lat' dir='ltr'>Bergensis,</span> <span class='ocrx_word' id='word_1_434' title='bbox 1897 3027 1964 3061; x_wconf 83' lang='lat' dir='ltr'>Do-</span> 
     </span>
     <span class='ocr_line' id='line_1_45' title="bbox 208 3081 1964 3129; baseline 0 -15"><span class='ocrx_word' id='word_1_435' title='bbox 208 3082 301 3115; x_wconf 79' lang='lat' dir='ltr'>mina</span> <span class='ocrx_word' id='word_1_436' title='bbox 328 3082 459 3115; x_wconf 69' lang='lat' dir='ltr'>Jilcolm</span> <span class='ocrx_word' id='word_1_437' title='bbox 488 3083 528 3116; x_wconf 68' lang='lat' dir='ltr'>ale</span> <span class='ocrx_word' id='word_1_438' title='bbox 557 3086 660 3128; x_wconf 67' lang='lat' dir='ltr'>Croy,</span> <span class='ocrx_word' id='word_1_439' title='bbox 687 3085 798 3119; x_wconf 83' lang='grc'><strong>3011101</strong></span> <span class='ocrx_word' id='word_1_440' title='bbox 826 3090 861 3118; x_wconf 82' lang='lat' dir='ltr'>et</span> <span class='ocrx_word' id='word_1_441' title='bbox 887 3085 1016 3119; x_wconf 77' lang='lat' dir='ltr'>iterum</span> <span class='ocrx_word' id='word_1_442' title='bbox 1042 3085 1108 3119; x_wconf 88' lang='grc'><strong>1100</strong></span> <span class='ocrx_word' id='word_1_443' title='bbox 1134 3086 1212 3129; x_wconf 88' lang='lat' dir='ltr'>ipso</span> <span class='ocrx_word' id='word_1_444' title='bbox 1239 3097 1329 3118; x_wconf 85' lang='lat' dir='ltr'>anno</span> <span class='ocrx_word' id='word_1_445' title='bbox 1356 3084 1394 3118; x_wconf 88' lang='lat' dir='ltr'>P.</span> <span class='ocrx_word' id='word_1_446' title='bbox 1422 3083 1561 3126; x_wconf 82' lang='lat' dir='ltr'>Ignatio</span> <span class='ocrx_word' id='word_1_447' title='bbox 1587 3082 1731 3126; x_wconf 83' lang='lat' dir='ltr'>scripsit</span> <span class='ocrx_word' id='word_1_448' title='bbox 1757 3081 1855 3115; x_wconf 73' lang='lat' dir='ltr'>cives</span> <span class='ocrx_word' id='word_1_449' title='bbox 1881 3092 1964 3115; x_wconf 75' lang='lat' dir='ltr'>suos</span> 
     </span>
     <span class='ocr_line' id='line_1_46' title="bbox 207 3134 1963 3181; baseline -0.001 -13"><span class='ocrx_word' id='word_1_450' title='bbox 207 3135 252 3168; x_wconf 83' lang='lat' dir='ltr'>ad</span> <span class='ocrx_word' id='word_1_451' title='bbox 279 3135 446 3178; x_wconf 69' lang='lat' dir='ltr'>pietaten}</span> <span class='ocrx_word' id='word_1_452' title='bbox 475 3137 590 3179; x_wconf 79' lang='lat' dir='ltr'>magis</span> <span class='ocrx_word' id='word_1_453' title='bbox 616 3149 755 3181; x_wconf 76' lang='lat' dir='ltr'>pronos,</span> <span class='ocrx_word' id='word_1_454' title='bbox 783 3150 823 3171; x_wconf 75' lang='lat' dir='ltr'>ac</span> <span class='ocrx_word' id='word_1_455' title='bbox 849 3138 916 3171; x_wconf 85' lang='lat' dir='ltr'>sibi</span> <span class='ocrx_word' id='word_1_456' title='bbox 936 3138 1047 3171; x_wconf 86' lang='lat' dir='ltr'>multo</span> <span class='ocrx_word' id='word_1_457' title='bbox 1066 3137 1368 3181; x_wconf 82' lang='lat' dir='ltr'>obsequentiores,</span> <span class='ocrx_word' id='word_1_458' title='bbox 1395 3147 1500 3180; x_wconf 85' lang='lat' dir='ltr'>quam</span> <span class='ocrx_word' id='word_1_459' title='bbox 1519 3134 1690 3176; x_wconf 78' lang='lat' dir='ltr'>solebant,</span> <span class='ocrx_word' id='word_1_460' title='bbox 1718 3146 1824 3179; x_wconf 81' lang='lat' dir='ltr'>opera</span> <span class='ocrx_word' id='word_1_461' title='bbox 1842 3134 1963 3168; x_wconf 77' lang='lat' dir='ltr'>Patris</span> 
     </span>
     <span class='ocr_line' id='line_1_47' title="bbox 206 3187 1052 3233; baseline 0.004 -12"><span class='ocrx_word' id='word_1_462' title='bbox 206 3187 342 3221; x_wconf 78' lang='lat' dir='ltr'>Nicolai</span> <span class='ocrx_word' id='word_1_463' title='bbox 370 3188 545 3222; x_wconf 66' lang='lat' dir='ltr'>redditos*</span> <span class='ocrx_word' id='word_1_464' title='bbox 579 3189 770 3231; x_wconf 65' lang='lat' dir='ltr'>(Polam-ns</span> <span class='ocrx_word' id='word_1_465' title='bbox 795 3190 816 3224; x_wconf 90' lang='lat' dir='ltr'>l.</span> <span class='ocrx_word' id='word_1_466' title='bbox 845 3202 874 3224; x_wconf 88' lang='grc'>0.</span> <span class='ocrx_word' id='word_1_467' title='bbox 903 3191 928 3232; x_wconf 87' lang='lat'>1,</span> <span class='ocrx_word' id='word_1_468' title='bbox 956 3190 1052 3233; x_wconf 77' lang='lat'>295).</span> 
     </span>
    </p>
   </div>
  </div>
 </body>
</html>
