2113 3430
252 222 306 262 52
462 218 558 252 VIII.
596 217 729 253 Canisii
756 219 1051 264 autobiographia
1077 219 1154 253 sive
1182 218 1432 255 Confessiones
1458 223 1495 256 et
1519 221 1801 260 Testamentum.

250 337 479 387 senserim,
523 338 570 378 ut
604 335 742 379 doctis
773 350 824 378 ac
855 336 937 391 pijs
969 336 1211 379 hominibus
1242 337 1427 381 libenter
1458 339 1676 392 adessem,
1720 355 1770 384 ac
1802 341 2013 396 meipsum

250 403 303 444 ad
346 401 583 443 docendum
626 404 669 444 et
709 401 1046 456 praedicandum
1079 401 1159 444 Dei
1199 403 1379 444 uerbum
1420 417 1550 458 saepe
1591 419 1899 461 compararem.
1963 407 2013 449 Id

249 467 360 521 quod
384 467 445 508 illi
469 480 636 520 quoque
660 468 914 508 confirmare
936 469 1130 520 possunt,
1159 467 1230 520 qui
1252 480 1321 508 me
1343 482 1522 521 puerum
1544 469 1587 510 in
1609 470 1765 524 patria,
1795 471 2013 523 Coloniae,

247 533 290 574 111
324 532 528 575 Osteruik
561 530 849 586 Brab[antiae
883 530 1242 586 cognouerunt.]²
1273 558 1330 562 —
1361 558 1420 563 —
1454 558 1506 562 —
1539 558 1597 563 —

247 677 290 721 4.
333 679 581 732 Reliquiae
613 679 811 721 illarum
842 679 1054 734 partium
1088 678 1516 734 „Confessionum“
1550 682 1596 723 et
1628 681 2012 737 ,‚Testa1nenti“,

603 763 721 803 quae
754 751 971 804 integrae
1005 762 1249 805 superesse
1281 763 1374 794 11011
1407 751 1645 796 videntur.

1112 869 1144 912 I.

365 967 420 1000 Ex
446 968 604 1010 Pythone
631 966 678 1011 (p.
707 967 884 1010 52—54);
921 967 980 1011 qui
1008 967 1059 1002 sic
1084 967 1289 1012 praefatur:
1330 967 1400 1008 ,De
1435 969 1511 1002 tota
1537 967 1604 1002 hac
1630 968 1799 1002 missione
1826 968 2009 1004 canisium

246 1031 325 1053 cum
351 1020 426 1054 Deo
453 1021 488 1053 in
517 1019 789 1054 Confessionum
814 1020 905 1055 libro
931 1020 1136 1065 loquentem
1159 1021 1303 1066 juvabit
1329 1021 1482 1055 audire*

367 1109 545 1150 Quomodo
574 1109 741 1142 Canis-ius
767 1114 797 1141 ez*
821 1111 908 1143 socii
934 1110 1134 1142 Messanam
1156 1111 1360 1152 profecturi
1385 1121 1406 1141 a
1435 1110 1548 1143 Paulo
1575 1110 1644 1143 III.
1672 1112 1804 1153 esa-epti
1837 1116 1867 1143 et
1901 1122 2009 1155 quam

242 1162 479 1205 sz'nyulariter
504 1164 540 1195 in
571 1164 645 1205 ipso
674 1164 799 1195 itinere
825 1174 846 1195 α
872 1163 946 1196 Deo
966 1165 1119 1205 protecte?
1143 1164 1225 1196 sint.

364 1251 427 1292 Tu
450 1251 571 1301 seis1,
591 1251 786 1303 Domine,
810 1251 881 1305 qui
904 1254 1025 1294 tuum
1050 1251 1253 1306 Spiritum
1273 1252 1493 1294 Ecclesiae
1518 1254 1621 1294 tuae
1644 1252 1784 1307 Capiti
1805 1255 2010 1307 potenter

244 1316 456 1369 suggeris,
491 1319 759 1371 quantopere
792 1331 869 1359 nos
907 1317 1117 1359 recrearit
1149 1320 1333 1371 paterna
1365 1317 1471 1359 haec
1503 1317 1567 1359 tui
1606 1317 1651 1359 in
1682 1317 1811 1360 terris
1844 1318 2005 1372 Vicarij

243 1382 530 1424 commonitio.
610 1382 804 1424 Dederas
851 1382 1047 1424 omnibus
1097 1382 1251 1436 ingens
1298 1382 1556 1424 desiderium
1604 1383 1824 1425 osculandi
1874 1383 2008 1438 pedes

242 1446 487 1490 Beatissimi
529 1447 698 1498 Patris,
745 1450 788 1491 et
828 1447 1172 1490 benedictionem
1213 1448 1509 1502 Apostolicam
1552 1447 1809 1502 accipiendi:
1853 1448 2008 1502 quibus

242 1526 338 1554 cum
378 1512 603 1567 inopinata
635 1515 679 1555 et
710 1513 920 1555 inusitata
953 1513 1200 1556 exhortatio
1233 1512 1490 1563 accesserit,
1532 1527 1617 1554 non
1650 1513 1853 1567 exiguam
1885 1528 2005 1568 spem

242 1577 398 1629 fecisti,
430 1577 537 1629 fore,
572 1581 620 1621 ut
652 1578 770 1620 hisce
801 1578 1030 1632 praesidijs
1062 1578 1239 1621 animati
1274 1578 1389 1620 servi
1420 1578 1484 1620 tui
1515 1592 1601 1620 non
1632 1577 1876 1632 infrugiferi
1900 1579 2007 1621 Sici-

241 1642 343 1684 liam
365 1645 578 1697 peterent,
613 1644 688 1685 sed
710 1643 810 1694 illic,
844 1643 908 1685 uti
930 1643 1094 1686 factum
1119 1647 1199 1695 est,
1232 1658 1309 1698 pro
1335 1643 1399 1686 tui
1431 1643 1614 1685 nominis
1636 1643 1787 1696 gloria,
1821 1644 2009 1686 feliciter

239 1707 566 1751 fructificarent.

358 1773 535 1816 Decimo
569 1777 725 1817 octavo
758 1774 928 1829 Martij,
972 1788 1028 1816 ex
1060 1774 1279 1817 Societate
1319 1774 1400 1816 hac
1431 1778 1529 1826 tua,
1573 1774 1734 1816 fratres
1768 1774 1916 1816 decem
1949 1788 2005 1816 ex

240 1839 344 1880 urbe
377 1839 588 1890 dimisisti,
625 1842 669 1882 et
704 1839 902 1894 Neapoli,
937 1840 992 1882 ad
1024 1842 1222 1882 sanctum
1255 1854 1390 1893 usque
1423 1840 1535 1882 diem
1567 1840 1735 1882 Coenae
1767 1839 1863 1894 Filij
1896 1839 1960 1881 tui
1973 1840 2002 1890 2,

239 1903 474 1957 navigandi
507 1905 833 1958 exspectatione
866 1919 1099 1960 suspensos
1132 1905 1379 1955 custodisti,
1423 1906 1581 1947 bonum
1620 1904 1706 1946 11110
1745 1905 1918 1946 odorem
1952 1905 2006 1947 de

239 1969 376 2010 servis
399 1969 485 2011 tuis
508 1970 653 2024 spargi
677 1970 866 2021 voluisti,
899 1971 1174 2024 fructumque
1206 1970 1475 2025 spiritualem
1506 1970 1620 2012 haud
1644 1969 2003 2012 contemnendum

239 2034 456 2088 adjecisti,
500 2049 550 2076 ac
593 2035 761 2077 demum
804 2049 983 2090 corpore
1024 2039 1068 2079 et
1109 2035 1251 2077 animo
1289 2036 1565 2078 confirmatos
1596 2036 1719 2076 firmo
1750 2034 1926 2087 navigio
1958 2037 2005 2077 et

239 2102 420 2153 experto
461 2099 677 2142 Nauclero
720 2100 969 2143 commisisti
987 2102 1015 2143 3.
1090 2101 1173 2143 Sed
1219 2104 1263 2143 et
1302 2100 1416 2142 inter
1456 2099 1748 2154 navigandum
1789 2100 2004 2154 stupenda

237 2164 413 2207 virtutis
457 2167 558 2207 tuae
602 2179 758 2220 opera,
804 2166 1020 2221 plerisque
1063 2168 1259 2208 nostrum
1301 2169 1403 2208 ante
1446 2165 1668 2219 incognita
1709 2164 2001 2219 probavimus,

238 2229 435 2283 interque
466 2233 695 2273 ventorum
728 2231 928 2285 injurias,
963 2233 1007 2273 et
1038 2231 1279 2285 piratarum
1311 2234 1473 2273 metum
1502 2230 1679 2285 jactati,
1713 2233 1789 2272 tua
1822 2229 2003 2271 subinde

237 2294 382 2348 gratia
412 2295 734 2349 respiravimus,
769 2298 825 2347 ct,
859 2310 942 2350 quo
976 2297 1039 2338 Tu
1070 2296 1344 2350 inopinantes
1377 2295 1595 2346 direxisti,
1629 2309 1679 2337 eo
1711 2293 1829 2336 miris
1861 2294 2001 2336 modis

357 2446 369 2459 ἢ
393 2442 469 2475 soe.
495 2442 643 2483 finitur:
669 2441 774 2475 Brab.
815 2444 912 2483 Quae
927 2447 1135 2485 sequuntur,
1162 2446 1299 2474 (uz-stam*
1317 2441 1454 2484 quidem
1476 2441 1513 2473 in
1532 2440 1654 2481 sslon.;
1678 2440 1737 2472 secl
1756 2439 1867 2471 altera
1888 2450 1996 2471 »etmel

237 2496 386 2538 mztae'qeac
412 2496 570 2538 suppleta
596 2500 690 2528 sunt.

358 2629 367 2649 ¹
395 2628 427 2662 S.
447 2628 612 2672 Ignatius
629 2640 709 2662 cum
728 2629 874 2663 ineunte
893 2640 983 2662 anno
1004 2628 1093 2662 1548
1113 2628 1301 2661 Messanae
1320 2626 1355 2659 in
1375 2625 1505 2667 Sicilia,
1524 2628 1652 2669 rogatu
1673 2624 1814 2659 loannis
1833 2624 1874 2658 de
1894 2623 1998 2667 vega

236 2682 397 2725 proi-egis
423 2684 459 2715 et
485 2682 643 2716 civitatis
669 2681 800 2726 ipsius,
838 2681 1027 2725 collegium
1060 2681 1209 2715 condere
1236 2680 1444 2721 statuisset,
1482 2679 1603 2713 decem
1630 2677 1746 2713 socios
1772 2677 1995 2711 diversarum

236 2735 418 2768 nationum
446 2748 485 2769 00
512 2735 689 2780 proficisci
716 2735 842 2775 iussit;
872 2735 965 2768 inter
991 2745 1078 2778 quos
1098 2735 1199 2768 erant
1217 2733 1459 2777 Hieronymus
1477 2731 1627 2773 Natalis,
1655 2731 1818 2765 Andreas
1837 2729 1995 2770 Frusius,

235 2787 451 2821 Benedictus
477 2788 656 2830 Palmius,
684 2789 813 2822 Petrus
840 2787 1015 2822 Canisius.
1066 2788 1185 2831 Atque
1211 2786 1276 2820 1105
1302 2797 1424 2819 01111105
1449 2785 1632 2829 Igmtius,
1665 2787 1857 2828 antequam
1883 2783 1995 2816 Roma

236 2840 469 2882 discederent,
497 2841 552 2875 die
582 2841 634 2875 17.
661 2841 782 2875 Martii
809 2841 850 2875 ad
880 2841 1031 2874 Paulum
1058 2840 1120 2874 lll.
1148 2839 1372 2874 deducendos
1399 2839 1558 2879 curavit:
1585 2838 1677 2883 apud
1705 2848 1810 2881 quem
1831 2835 1995 2869 Canisius

236 2893 390 2927 omnium
427 2894 566 2927 nomine
610 2893 722 2939 ,piam
759 2894 947 2928 admodum
985 2893 1198 2927 orationem⁴⁴
1238 2892 1349 2927 latine
1384 2892 1510 2926 habuit
1547 2892 1756 2935 (Polam-us,
1795 2889 1993 2923 Chronicon

235 2947 260 2987 l,
288 2946 384 2989 269).
420 2946 616 2990 Respondit
642 2947 814 2991 pontifex,
841 2958 1009 2990 magnam
1036 2958 1121 2990 erga
1146 2946 1261 2980 500105
1287 2945 1495 2989 significans
1521 2943 1780 2988 indulgentiam
1807 2943 1992 2986 paternam

225 3001 271 3033 *et
297 2999 426 3033 acriter
453 3011 511 3032 005
538 2999 732 3033 exhortans
759 2999 801 3033 ad
830 2999 1016 3033 ecclesiam
1053 2999 1303 3032 adiuvandam.
1355 2997 1535 3032 Summam
1571 2997 1676 3031 huius
1711 2995 1881 3029 orationis
1916 3006 1992 3039 pro-

235 3053 333 3097 ponit
360 3053 437 3085 Nic.
469 3053 701 3097 Orlandinus,
728 3053 821 3087 Hist.
850 3052 883 3087 S.
911 3053 943 3086 J.
972 3053 996 3093 I,
1024 3052 1046 3086 1.
1074 3052 1104 3093 S,
1132 3064 1165 3086 n.
1195 3052 1247 3086 1⁸2,

355 3105 368 3125 ²
394 3104 491 3139 Haec
518 3118 558 3138 eo
585 3117 676 3138 anno
703 3108 780 3139 erat
806 3106 882 3140 (1105
908 3105 963 3138 29.
991 3105 1125 3138 Martii.

355 3159 367 3178 ³
393 3158 501 3192 Plura
528 3158 569 3191 de
596 3158 661 3191 lia(-
690 3158 906 3202 profectione
927 3158 1091 3192 Canisius
1118 3160 1238 3191 narrat
1258 3157 1291 3191 in
1312 3156 1465 3202 epistula
1484 3156 1653 3190 Messana
1671 3154 1726 3189 23.
1746 3154 1881 3199 Aprilis
1902 3154 1991 3188 1548

235 3212 278 3245 ad
306 3211 420 3246 socios
446 3211 673 3245 lovanienses
700 3211 793 3244 data.
