2113 3430
207 194 290 234 473
744 190 819 222 154.
857 189 1022 223 Canisius
1048 189 1171 223 Ioanni
1198 189 1240 223 de
1267 189 1432 224 Polanco.

204 306 380 350 statuit.
424 307 468 347 et
506 305 591 346 iam
632 304 785 358 opinor
825 318 1026 347 reversos
1059 305 1283 359 excepit1,
1327 320 1586 359 quamquam
1619 309 1850 360 grassante
1881 307 1967 349 iam

206 374 327 425 peste
367 384 452 411 non
492 383 645 424 parum
685 369 897 412 afflictum
935 370 1057 412 aiunt
1096 369 1140 411 in
1181 384 1258 412 suo
1300 370 1577 425 Episcopatu,
1640 372 1696 414 M.
1731 373 1967 422 HubertuS,

206 450 331 489 quem
364 435 583 488 hucusque
604 433 716 476 fovit
747 434 1005 488 magistrum
1027 435 1129 486 ludi,
1162 437 1330 489 pestem
1362 435 1545 488 fugiens,
1581 437 1868 479 conditionem
1901 437 1969 478 hic

206 499 406 542 manendi
439 502 610 554 captat,
653 501 697 541 et
729 499 850 541 brevi
882 502 931 542 ut
963 500 1089 542 audio
1132 501 1476 552 consequuturus
1508 502 1588 543 est.
1651 501 1791 556 Igitur
1822 505 1867 544 et
1897 502 1969 544 ille

206 566 400 607 Viennae
440 564 701 616 morabitur,
744 565 820 606 sed
860 564 1026 607 utinam
1067 565 1148 607 hoc
1190 565 1405 607 fermento
1445 565 1559 618 quod
1599 565 1714 608 inter
1754 567 1970 610 studiosos

206 634 296 673 tam
329 630 418 672 late
450 629 693 683 spargitur,
732 643 816 671 non
849 629 1029 672 vitietur
1061 632 1106 672 et
1136 629 1251 684 ipse,
1294 643 1421 682 quem
1453 643 1557 671 sane
1599 630 1856 674 catholicum
1888 632 1970 674 huc

208 695 378 737 venisse
408 694 535 736 sensi.

325 765 535 807 Miramur
566 764 696 808 toties
728 765 953 819 promissa,
986 779 1205 818 nunquam
1227 765 1363 807 allata
1386 779 1481 807 esse
1503 766 1709 819 opuscula
1731 767 1783 808 de
1805 780 1972 809 summa

207 830 587 873 Confessariorum.
652 830 709 872 Et
741 829 852 872 scire
884 830 1037 881 velim,
1083 830 1169 872 sint
1201 844 1255 872 ne
1288 829 1445 872 redditi
1476 830 1767 873 Reverentiae
1798 834 1972 874 vestrae

208 896 355 938 ducati
378 896 473 946 duo,
509 909 615 948 quos
637 908 715 949 per
738 896 975 937 Germanos
1008 896 1307 938 adolescentes
1328 895 1531 937 miseram
1562 896 1733 938 nomine
1754 896 1974 939 Reveren-

209 961 372 1003 dissimi
395 960 722 1011 Labbaccensis,
757 963 805 1003 ut
831 960 1099 1015 exemplaria
1121 960 1258 1003 vestri
1281 959 1424 1015 operis
1445 960 1663 1015 acciperet
1678 962 1707 1004 2.
1754 961 1799 1003 Si
1820 961 1974 1004 redditi

209 1041 293 1068 non
316 1029 429 1076 sunt,
463 1025 575 1067 bona
597 1025 679 1067 fide
710 1025 968 1068 mittendam
991 1026 1148 1068 curabo
1178 1025 1404 1080 pecuniam
1426 1025 1569 1076 aliam,
1603 1040 1709 1079 rogo
1732 1029 1781 1069 ut
1802 1026 1973 1069 interim

209 1091 377 1133 libellos
409 1105 493 1131 non
526 1104 688 1144 paucos
720 1090 803 1133 huc
834 1090 1158 1133 transmittatis

322 1155 679 1197 Commendamus
696 1155 856 1198 vestris
873 1156 1071 1210 precibus
1085 1155 1128 1197 in
1143 1155 1312 1198 Christo
1330 1170 1504 1198 causam
1519 1155 1768 1210 Religionis,
1802 1155 1842 1197 A
1856 1156 1976 1209 Rege

210 1219 551 1275 impetravimus,
585 1223 634 1262 ut
656 1220 767 1262 serio
795 1223 918 1263 curet
950 1220 1137 1262 conferri
1168 1221 1377 1262 bonorum
1410 1220 1587 1263 consilia
1609 1221 1645 1263 si
1668 1220 1820 1274 quibus
1842 1220 1976 1264 ratio-

210 1286 334 1327 nibus
367 1284 596 1327 collabenti
630 1284 845 1338 Religioni
877 1285 1016 1340 possit
1047 1285 1238 1339 succurrj
1254 1286 1283 1328 3.
1345 1285 1485 1338 Igitur
1518 1286 1681 1328 duobus
1714 1286 1977 1340 Consiliarijs

210 1351 319 1392 bene
360 1350 644 1401 Catholicis4,
687 1353 779 1393 tum
821 1350 1003 1392 Domino
1044 1350 1228 1405 Lanoij5
1266 1353 1309 1392 et
1350 1350 1453 1392 mihi
1493 1351 1723 1393 commissa
1762 1354 1830 1394 est
1870 1351 1976 1393 haec

212 1415 485 1466 consultatio,
519 1418 568 1458 ut
590 1415 641 1456 de
664 1414 899 1469 Provintijs
930 1415 1063 1469 regijs
1089 1415 1133 1457 in
1154 1415 1237 1457 fide
1269 1415 1576 1457 conservandis
1609 1419 1653 1458 et
1684 1415 1976 1458 instaurandis

212 1495 405 1534 agamus.
451 1480 661 1522 Dominus
692 1480 1087 1534 intelligentiae
1119 1480 1392 1535 spiritum6
1423 1481 1556 1523 addat
1571 1481 1599 1523 7.
1645 1481 1710 1523 De
1741 1480 1975 1523 Viennensi

213 1546 462 1600 episcopatu
484 1545 713 1587 renovavit
735 1545 839 1587 mihi
860 1545 1031 1587 tristem
1051 1545 1303 1587 memoriam
1320 1546 1723 1588 Reverendissimus
1740 1546 1931 1588 Nuntius
1946 1547 1975 1596 8,

213 1611 371 1652 falsum
403 1624 498 1652 esse
531 1613 631 1664 opto
674 1610 787 1663 quod
828 1625 883 1652 ex
914 1610 1028 1653 illius
1059 1611 1204 1653 verbis
1245 1610 1456 1665 suspicari
1489 1625 1641 1664 cogor,
1683 1614 1727 1654 et
1759 1625 1895 1666 nuper
1926 1626 1977 1654 ea

215 1676 266 1718 de
298 1690 345 1717 re
377 1675 537 1729 scripto
570 1675 640 1728 egi
677 1690 773 1717 cum
805 1676 1061 1718 Reverendo
1094 1675 1341 1730 praeposito
1373 1678 1522 1719 nostro
1538 1677 1566 1718 9.
1630 1676 1729 1718 Νο11
1761 1676 1873 1719 sinet
1904 1676 1976 1718 ille

214 1740 372 1783 Christi
403 1741 547 1794 gratia
578 1740 768 1791 favente,
803 1744 850 1783 ut
883 1755 938 1783 ex
970 1741 1112 1783 animo
1146 1741 1355 1791 desidero,
1388 1754 1457 1783 me
1482 1741 1686 1783 miserum
1717 1741 1760 1782 in
1791 1742 1881 1784 tale
1912 1742 1977 1797 pi-

215 1806 397 1848 strinum
431 1808 474 1848 et
505 1805 819 1859 Labijrinthum
854 1806 1028 1860 conijci:
1070 1821 1096 1848 a
1128 1806 1410 1860 dignitatibus
1442 1806 1596 1849 liberet
1632 1820 1844 1861 pauperes
1876 1821 1976 1849 suos

217 1871 412 1913 dominus
444 1871 615 1914 JESVS
649 1871 892 1914 crucifixus.

337 2050 347 2070 ¹
373 2049 407 2084 S.
434 2049 597 2093 Ignatius
623 2050 766 2084 Urbano
789 2050 936 2084 Textori
962 2050 1147 2095 episcopo:
1175 2050 1488 2085 Bartholomaeum
1516 2053 1552 2085 et
1577 2051 1757 2092 Ioannem,
1791 2051 1977 2095 „quamvis

216 2102 460 2147 provectiores
485 2102 520 2136 in
547 2103 659 2137 sacris
686 2103 818 2137 litteris
844 2114 885 2137 ac
912 2103 1114 2147 theologica
1141 2104 1302 2138 doctrina
1328 2104 1512 2138 remittere
1548 2106 1821 2149 exoptaremus;
1857 2106 1978 2138 tamen

216 2159 253 2190 ut
280 2168 413 2190 morem
439 2167 607 2199 geramus
633 2156 730 2190 Tuae
753 2156 930 2199 Dignitati
958 2157 1292 2191 Reverendissimae
1319 2157 1443 2191 statim
1470 2157 1713 2198 remittendos,
1740 2157 1933 2202 impetrata
1959 2169 1979 2191 a

218 2209 406 2244 Cardinale
432 2209 640 2243 Protectore
666 2221 773 2252 aegre
799 2210 984 2252 facultate,
1010 2211 1236 2245 curavimus“
1270 2210 1413 2253 (Cartas
1439 2210 1482 2244 de
1510 2212 1583 2245 San
1612 2212 1758 2254 lqnacio
1793 2210 1854 2252 IV,
1879 2209 1978 2254 462).

336 2263 348 2282 ‘-'
374 2262 520 2296 Polanci
551 2262 828 2305 „Directorium‘
858 2263 955 2297 dicit.
1006 2264 1059 2298 Cf.
1087 2275 1197 2309 supra
1222 2276 1255 2308 p.
1282 2264 1364 2298 450.

337 2317 348 2336 ³
375 2316 556 2349 Canisium
582 2316 617 2349 id
643 2316 855 2360 impetrasse
883 2318 1080 2351 Sacchinns
1106 2317 1265 2351 affirmat
1293 2317 1393 2361 (Can.
1421 2329 1453 2362 p.
1482 2317 1555 2360 95).

336 2371 348 2388 ⁴
375 2368 512 2403 Horum
538 2369 630 2403 alter
655 2372 751 2403 certe
778 2370 845 2403 fuit
871 2370 1021 2404 Iacobus
1048 2370 1152 2405 Ionas
1174 2370 1503 2411 vicecancellarius,
1531 2382 1636 2414 quem
1663 2369 1846 2413 religionis
1865 2369 1979 2403 vindi-

217 2422 351 2456 candae
385 2422 689 2456 studiosissimum
725 2425 761 2456 et
787 2423 925 2468 piorum
960 2424 1117 2457 omnium
1142 2425 1332 2469 patronum
1367 2435 1446 2457 esse
1473 2423 1637 2457 Canisius
1664 2422 1820 2457 Polanco
1855 2422 1980 2457 scribit

221 2476 272 2509 16.
303 2475 458 2518 Augusti
489 2475 589 2509 1554.

338 2530 350 2547 ὖ
376 2528 415 2562 Ρ.
442 2529 588 2563 Nicolao
615 2529 747 2563 Lanoio
774 2529 915 2573 collegii
942 2530 1149 2564 viennensis
1175 2530 1317 2564 rectori.
1463 2531 1476 2549 ⁰
1502 2530 1612 2564 Eccli.
1639 2530 1695 2571 39,
1723 2529 1743 2563 8
1770 2532 1836 2564 etc.

336 2582 348 2602 '²
375 2581 528 2616 Sanctus
553 2582 660 2616 etiam
687 2583 850 2626 ignatius
876 2583 957 2617 huic
977 2583 1229 2618 consultationi
1247 2583 1362 2617 inulta
1380 2582 1669 2617 subministravit
1687 2582 1836 2617 consilia
1854 2594 1976 2627 oppor-

220 2638 316 2675 tuna,
343 2634 476 2669 litteris
505 2635 558 2669 18.
585 2636 741 2679 Augusti
772 2637 863 2670 1554
889 2637 934 2670 ad
961 2636 1143 2670 Canisium
1169 2636 1274 2670 datis.

337 2688 350 2708 ⁸
377 2688 487 2722 lulius
514 2688 574 2722 III.
602 2688 733 2723 litteris
760 2689 871 2723 Roma
898 2690 954 2724 20.
980 2689 1194 2723 Novembris
1223 2689 1312 2724 1553
1343 2689 1437 2723 datis
1461 2689 1683 2723 Ferdiuando
1708 2688 1979 2733 significaverat

219 2752 255 2772 so
293 2740 326 2773 in
353 2740 470 2774 vicem
496 2740 712 2785 Martinengi
744 2742 907 2776 nuntium
934 2743 1076 2776 mittere
1104 2742 1312 2777 Zachariam
1338 2742 1515 2776 Delfinum
1544 2741 1714 2785 (Delfino)
1731 2769 1738 2782 ‚
1774 2741 1977 2786 episcopum

219 2792 371 2826 electum
402 2793 661 2834 ,Pharensem“
703 2794 868 2838 spesina,
904 2795 1021 2829 insula
1056 2795 1264 2839 dalmatica)
1303 2797 1338 2829 et
1372 2795 1571 2840 praelatum
1607 2806 1712 2829 suum
1745 2793 1978 2827 domesticum

222 2845 282 2880 (vx
309 2846 324 2862 *
340 2846 470 2880 litteris
493 2847 712 2892 archetypis,
740 2859 830 2892 quae
849 2850 934 2882 sunt
952 2848 1112 2882 Viennae
1130 2849 1166 2882 in
1184 2849 1331 2882 archivo
1349 2848 1452 2882 aulae
1471 2858 1671 2888 caesareae,
1698 2839 1859 2881 Rom'ana
1878 2845 1979 2885 1553,

221 2909 251 2930 11.
272 2899 345 2939 43).
373 2898 532 2933 Delfinus
558 2900 592 2933 id
618 2912 747 2934 munus
766 2901 926 2935 Viennae
953 2901 1220 2936 administravit
1238 2901 1341 2935 annis
1361 2901 1655 2943 1553l54——1557
1686 2899 1820 2942 (aliqua
1838 2910 1869 2932 a.
1891 2899 1979 2932 1555

223 2953 320 2992 parte
354 2952 519 2995 excepta)
559 2956 593 2986 et
622 2954 853 2987 1560—1565
883 2954 949 2997 (W.
977 2956 1019 2988 Ε.
1047 2953 1234 2994 ,ςε-’Ῐιιι’τι)·;,
1272 2954 1390 2988 Briefe
1425 2953 1495 2988 und
1522 2953 1641 2987 Akten
1677 2963 1738 2985 zur
1764 2950 1979 2985 Geschichte

222 3001 463 3036 Maximinum
490 3005 533 3038 ll.
573 3007 604 3039 2.
632 3006 696 3039 Th.
724 3006 943 3049 [l'aderborn
973 3007 1086 3051 1891]ι
1114 3019 1147 3052 p.
1174 3006 1272 3050 xlx).

340 3058 352 3073 '2'
380 3055 621 3091 l·'er‹linandus
656 3059 788 3093 litteris
827 3060 892 3093 snb
929 3060 1020 3093 idem
1058 3062 1200 3104 tempus
1227 3062 1261 3093 et
1288 3060 1331 3093 ad
1358 3061 1623 3104 procuratorem
1661 3068 1763 3090 suum
1794 3068 1977 3091 romanum

222 3109 255 3139 et
283 3106 325 3139 ad
354 3108 569 3142 cardinalem
598 3111 815 3155 Carpensem
842 3112 936 3145 datis
962 3113 1140 3146 instanter
1167 3112 1260 3155 egit,
1288 3114 1327 3145 ut
1354 3111 1580 3156 episcopatus
1607 3109 1812 3143 viennensis
1839 3110 1980 3144 Canisio

224 3157 474 3202 imponemtur.
525 3162 615 3195 Vide
643 3163 745 3203 infra,
774 3175 926 3198 monum.
957 3165 1033 3198 104.
