2113 3430
179 204 234 237 99.
261 202 438 237 Polancus
457 201 612 236 Canisio.
639 201 670 236 6.
688 201 772 236 Dec.
794 201 896 236 1550.
940 200 1018 235 100.
1046 199 1209 234 Canisius
1230 197 1263 232 S.
1283 198 1434 241 ignatio.
1463 197 1517 232 28.
1542 198 1626 232 Dec.
1648 197 1748 232 1550.
1803 200 1887 240 343

252 320 379 368 „Idem
401 320 566 369 Cani-sio,
595 321 640 356 de
669 320 790 367 officio
809 319 978 356 Hectoris
998 318 1260 355 Vniversitatis
1289 321 1321 353 et
1350 317 1394 352 de
1424 317 1504 364 «jn-5
1526 315 1768 363 proventibus
1797 315 1889 363 qnid

132 381 165 416 ei
193 380 395 428 oflendunt,
425 380 449 415 6
476 376 716 416 Decenibi·c'8“
747 377 906 424 [1550].

250 464 339 506 Quid
366 464 408 498 de
443 464 593 498 rectoris
628 464 758 498 salario
795 468 901 507 agere
936 464 1055 497 iussus
1081 463 1129 497 sit
1156 462 1339 503 Canisius,
1376 461 1488 495 conici
1513 464 1632 506 potest
1659 472 1704 495 ex
1740 461 1883 501 litteris,

132 528 221 561 quas
246 517 323 562 ipse
350 517 404 551 30.
431 517 566 561 Aprilis
595 519 681 551 1551
712 517 755 551 ad
782 517 815 551 S.
843 516 1022 560 Ignatiuni
1051 516 1157 550 dedit.

945 634 1066 675 100.

865 732 1160 779 CANISIUS

688 829 967 873 SANCTO
1001 829 1331 873 IGNATIO.

674 926 902 973 Ingolstadio
931 928 985 963 28.
1013 927 1220 963 Decembris
1247 927 1342 963 1550.

250 1010 306 1045 Ex
332 1011 536 1056 apographo
563 1011 718 1052 recenti,
753 1023 867 1056 nuper
892 1011 1022 1045 collato
1049 1023 1129 1045 cum
1156 1011 1311 1056 epistula
1338 1011 1579 1055 autographa,
1610 1009 1727 1055 posita
1754 1009 1789 1042 in
1816 1008 1892 1042 cod.

136 1063 285 1108 „Epistt.
312 1064 351 1098 B.
379 1064 477 1098 Petri
505 1063 638 1098 Canisii
663 1064 709 1098 If
740 1077 773 1098 n.
801 1065 838 1105 6,
871 1076 904 1109 p.
935 1064 1011 1098 119.
1063 1064 1241 1098 Polancus
1267 1064 1302 1098 in
1329 1064 1551 1109 autographo
1577 1075 1691 1109 pauca
1718 1063 1893 1107 quaedam

131 1118 305 1152 mutavit:
325 1129 416 1161 quae
432 1117 524 1151 infra
538 1117 573 1151 in
587 1117 800 1152 lectionibus
819 1117 1043 1151 variantibus
1058 1119 1244 1162 ponentur.
1272 1118 1398 1152 Versio
1414 1117 1621 1158 castellana,
1637 1116 1780 1151 saeculo
1797 1115 1892 1149 XVI.

133 1171 240 1211 facta,
268 1172 389 1204 exstat
414 1171 450 1204 in
477 1171 551 1205 cod.
584 1170 713 1212 „Varia
738 1170 917 1204 Historia“
948 1172 1032 1204 tom.
1062 1171 1086 1211 Ι,
1113 1171 1137 1205 f.
1167 1171 1244 1205 195.

254 1223 418 1268 Epistula
443 1224 584 1267 integra
609 1224 762 1268 primum
789 1224 884 1258 edita
910 1226 966 1258 est
990 1223 1025 1257 in
1054 1225 1225 1267 „Litteris
1250 1222 1588 1268 qnralrimestribns“
1616 1224 1651 1265 Ι,
1687 1223 1893 1262 237—241;

135 1278 253 1311 versio
281 1277 479 1311 castellana
506 1279 562 1312 est
587 1277 718 1311 ibidem
745 1289 776 1322 p.
805 1277 1002 1311 241—244.

255 1330 463 1375 Complures
499 1330 675 1375 epistulae
710 1330 806 1364 locos
842 1331 911 1364 iam
947 1330 1107 1364 ediderat
1134 1331 1321 1364 Konstant.
1353 1332 1572 1373 Germanus,
1608 1330 1894 1364 Refer-materen-

135 1383 250 1417 bilder
288 1383 475 1427 (Freiburg
511 1383 533 1417 i.
560 1383 617 1418 ΒΓ.
648 1383 754 1427 1883)
792 1395 825 1428 p.
853 1383 1050 1418 305—306.
1102 1384 1198 1417 Usus
1233 1385 1288 1417 est
1323 1395 1364 1417 ea
1400 1385 1576 1418 Polancns
1611 1383 1646 1417 in
1676 1382 1890 1425 „Chronicffl

136 1437 178 1477 ΙΙ,
207 1436 356 1471 80-81.

255 1521 333 1554 Iccio
369 1525 511 1553 auctore
545 1531 567 1552 α
602 1520 836 1553 Ferdinando
864 1520 890 1552 I.
929 1520 1106 1562 eolleyimn
1144 1521 1326 1553 viennense
1353 1521 1569 1562 promissmn
1616 1530 1693 1552 esse.
1746 1520 1775 1551 A
1813 1529 1896 1550 θαη-

136 1574 279 1606 cellctrio
315 1574 496 1606 cniusdam
533 1574 690 1606 electoris
725 1573 945 1606 ecclesiastici
981 1574 1233 1605 institutiommz
1268 1574 1402 1615 colleyii
1428 1574 1611 1606 Societatis
1646 1572 1895 1605 commendari.

136 1627 237 1660 Iains
262 1637 365 1670 qnam
393 1628 438 1659 sit
464 1627 648 1659 cardinali
673 1631 871 1669 aufflcstcmo
895 1627 1104 1668 faneiliaris.
1157 1626 1377 1669 Dispntmzsi'i
1402 1628 1596 1669 rationem,
1632 1627 1830 1658 contionum
1867 1629 1896 1656 et

134 1684 437 1713 sacramentorum
450 1680 689 1723 frequentiam
704 1681 801 1722 apud
820 1680 1037 1713 academicos
1048 1681 1262 1722 promoveri.
1294 1680 1389 1720 Quae
1408 1680 1562 1712 remedia
1580 1684 1703 1712 contra
1722 1679 1894 1711 librorum

135 1745 155 1766 α
183 1733 402 1766 Lntheranis
427 1734 639 1775 scriptorum
676 1733 946 1766 iizzcndationem
981 1738 1010 1765 et
1046 1737 1171 1766 contra
1199 1744 1334 1776 procos
1369 1744 1481 1765 mores
1518 1733 1764 1765 adhibeantur.
1819 1732 1895 1772 Qua

137 1788 275 1819 ratione
303 1787 375 1829 ipse
401 1790 515 1819 rector
539 1787 657 1828 factus
681 1788 736 1819 sit.
788 1787 951 1819 Dissidia
978 1787 1165 1828 composita
1193 1797 1281 1829 esse,
1319 1787 1451 1818 ieiunia
1479 1790 1507 1818 et
1534 1786 1645 1827 officii
1670 1785 1784 1817 divini
1809 1785 1896 1817 reci-

136 1841 302 1872 tationem
330 1840 561 1882 reflorescere,
587 1839 790 1880 facultatem
814 1850 885 1881 pro
911 1839 1049 1872 haeresi
1075 1840 1302 1881 confessariis
1320 1839 1502 1872 obtentam.
1538 1839 1591 1872 De
1610 1843 1743 1880 replente
1761 1838 1898 1879 colleyt'i

133 1893 319 1935 9eoryIcmi
345 1893 485 1935 eiusque
510 1893 687 1925 exercitiis
712 1892 962 1935 spiritualibus
982 1893 1173 1935 primaque
1199 1894 1316 1925 missa.
1360 1893 1488 1925 Edtem
1511 1902 1580 1935 pro
1614 1892 1784 1933 reltyione
1818 1901 1897 1923 con-

134 1947 305 1988 scriptum
332 1946 392 1978 iri.

936 1999 1100 2042 IESVS

629 2081 883 2123 Reuerende
915 2081 958 2123 in
992 2081 1234 2124 CHRISTO
1269 2082 1402 2123 Pater

253 2162 406 2205 Gratia
438 2163 609 2205 Domini
632 2163 784 2206 Nostri
807 2164 940 2206 IESV
962 2164 1190 2206 CHRISTI
1223 2167 1267 2206 et
1298 2178 1386 2217 pax
1418 2162 1639 2204 nobiscum
1671 2164 1895 2216 perpetua.

134 2228 370 2281 Postquam
418 2228 499 2269 huc
544 2228 664 2271 venit
708 2229 758 2271 R.
804 2229 848 2272 P.
892 2229 949 2272 M.
996 2229 1205 2271 Nicolaus
1252 2229 1484 2271 Goudanus
1533 2227 1708 2280 eiusque
1755 2240 1898 2268 comes

132 2293 188 2335 M.
223 2293 378 2335 Petrus
412 2293 654 2335 Scorichius
687 2294 818 2346 (nunc
851 2296 1032 2347 quartus
1065 2297 1132 2336 est
1164 2293 1357 2347 mensis),
1392 2307 1560 2334 summa
1591 2292 1671 2334 Dei
1702 2291 1897 2333 bonitate

133 2359 177 2399 et
217 2360 335 2400 recte
375 2358 594 2409 valemus,
642 2361 685 2401 et
727 2362 774 2401 ut
816 2361 918 2400 ante
959 2359 1226 2409 solebamus,
1273 2358 1316 2400 111
1357 2357 1636 2412 praelegendi
1677 2355 1897 2398 functione

132 2435 371 2465 versamur.
441 2423 534 2465 Nec
575 2424 725 2477 procul
767 2424 866 2465 hinc
908 2424 1032 2466 abest
1074 2424 1123 2466 R.
1167 2438 1207 2478 p.
1252 2422 1506 2473 Claudius1‚
1550 2423 1601 2464 de
1643 2436 1725 2474 quo
1767 2434 1897 2474 saepe

133 2486 285 2529 testati
318 2501 486 2537 sumus,
531 2491 740 2541 quantum
772 2488 976 2542 praesidii
1009 2491 1101 2530 tum
1133 2488 1277 2537 nobis,
1320 2491 1413 2530 tum
1446 2486 1653 2529 Societati
1685 2485 1783 2527 huic
1815 2485 1896 2527 toti

135 2550 318 2601 adferat,
353 2551 452 2593 dum
485 2552 528 2593 in
561 2552 753 2595 Comitiis
786 2555 934 2595 manet
966 2553 1235 2606 Augustanis
1251 2554 1280 2595 2.
1344 2552 1533 2594 Perfecit
1576 2565 1679 2593 sane
1712 2550 1898 2602 (summa

134 2616 226 2657 Deo
259 2616 373 2670 patri
415 2630 580 2658 summo
622 2617 780 2671 gloria)
822 2620 871 2660 ut
907 2617 1114 2660 Sereniss.
1149 2618 1441 2659 Romanorum
1473 2617 1569 2658 Rex
1602 2615 1897 2657 Ferdinandus

134 2694 218 2721 11011
260 2680 508 2734 promiserit
538 2682 688 2731 modo,
731 2682 806 2723 sed
848 2682 986 2724 literis
1028 2682 1159 2724 etiam
1203 2682 1316 2724 datis
1358 2681 1516 2735 partim
1558 2681 1612 2723 ad
1646 2680 1895 2722 Pontificem

134 2745 251 2788 Max,
286 2746 445 2799 partim
479 2746 533 2787 ad
565 2746 614 2788 R.
650 2746 696 2789 P.
731 2747 778 2789 T.
822 2747 1151 2800 promissionem
1192 2747 1303 2788 hanc
1345 2746 1603 2797 firmauerst,
1648 2747 1895 2787 curaturum

133 2824 179 2851 se
211 2810 360 2853 statim
392 2810 435 2851 in
468 2810 690 2852 academia
723 2825 800 2852 sua
833 2812 1090 2862 Viennensi,
1132 2815 1180 2854 ut
1213 2811 1420 2853 Societati
1454 2813 1628 2852 nostrae
1661 2809 1894 2862 Collegium

133 2875 240 2916 bene
274 2875 471 2917 dotatum
505 2875 763 2928 assignetur.
819 2876 960 2925 Quare
994 2876 1099 2917 duos
1132 2876 1232 2918 illuc
1265 2890 1287 2917 e
1320 2875 1479 2917 nostris
1509 2875 1751 2929 Theologos
1784 2874 1895 2916 mitti

134 2939 292 2990 voluit,
336 2940 407 2993 qui
448 2940 589 2981 locum
632 2943 675 2982 et
715 2940 1000 2982 fundamenta
1041 2940 1175 2983 totius
1208 2940 1386 2993 Collegii
1428 2943 1692 2995 occuparent
1707 2940 1735 2982 3.
1806 2940 1897 2980 Hoc·

260 3073 267 3091 ¹
295 3072 401 3105 laius.
548 3073 561 3091 '2
586 3071 677 3105 Vide
704 3083 811 3116 supra
839 3083 870 3116 p.
900 3072 978 3105 332.

257 3125 269 3145 ³
295 3125 447 3159 Eosdem
465 3124 683 3168 theologiam
702 3136 842 3168 quoque
861 3124 896 3158 in
915 3124 1151 3158 universitate
1176 3125 1301 3158 docere
1320 3125 1565 3159 Ferdinandus
1585 3125 1738 3159 volebat.
1767 3125 1896 3159 Eorum

139 3176 292 3212 alterum
319 3177 485 3222 cupiebat
510 3189 589 3212 esse
617 3178 739 3218 laium,
772 3177 850 3221 „qui
877 3178 920 3211 ob
948 3177 1059 3222 ipsius
1087 3180 1329 3222 praestantem
1357 3178 1391 3211 in
1419 3179 1532 3212 sacris
1558 3178 1673 3212 literis
1700 3178 1897 3212 doctrinam
