2113 3430
596 202 658 236 [II.
694 202 919 237 Prooemium
945 200 1101 247 speciale
1126 200 1231 246 primi
1257 199 1461 235 voluminis.
1782 213 1917 241 XXXV

145 321 429 369 catalogorum,
460 318 824 357 commentariorum
853 321 987 368 partes
1018 321 1057 356 et
1084 330 1373 366 nonnumquam
1393 317 1511 355 etiam
1538 316 1695 354 litterae
1724 316 1915 364 integrae,

145 393 245 429 quae
284 392 342 417 ex
378 377 616 416 fontibus
655 377 868 415 nondum
908 377 1068 415 editis
1107 377 1358 426 depromptae
1397 379 1498 414 sunt.
1546 375 1681 425 Neque
1710 388 1777 421 ea,
1817 388 1915 424 quae

146 439 225 477 iam
253 441 371 476 antea
399 436 505 487 typis
535 437 736 486 exscripta
764 440 901 482 erant,
931 436 1171 474 solummodo
1200 435 1263 472 hic
1292 435 1509 472 iterantur:
1539 435 1643 472 haud
1672 447 1761 472 raro
1789 434 1916 472 falsae

146 498 188 536 in
225 497 274 535 iis
312 496 503 534 lectiones
542 509 593 533 ex
630 495 856 545 archetypis
896 495 1152 533 emendantur
1189 494 1254 531 vel
1291 493 1482 531 lectiones
1519 493 1721 531 variantes
1760 493 1917 531 subiunv

147 559 305 605 guntur,
335 568 382 593 ac
410 558 492 592 tum
519 555 560 592 in
583 554 657 600 his,
687 558 770 592 tum
798 554 838 591 in
858 553 1018 603 reliquis
1047 552 1206 602 scriptis
1224 551 1338 590 varia
1360 551 1635 590 examinantur
1656 555 1694 589 et
1714 551 1917 601 patefiunt,

147 627 248 665 quae
276 627 399 663 usque
429 614 555 652 adhuc
585 613 702 652 dubia
737 614 800 651 vel
835 613 970 661 ignota
1000 615 1123 650 erant.
1179 611 1242 649 Ita
1270 624 1306 649 v.
1336 624 1372 660 g.
1403 611 1572 660 epistula
1609 610 1677 648 illa
1707 610 1917 656 excutitur,

148 687 224 723 qua
253 673 300 711 de
328 673 481 711 ratione
511 673 642 722 agitur
670 671 895 711 Sebastiani
924 671 1137 718 Phauseri‚
1177 670 1460 708 contionatoris
1488 669 1698 715 lutherani,
1739 671 1787 707 ab
1827 670 1917 707 aula

148 732 411 772 Maximiliani
438 732 544 781 regis
573 731 818 778 removendi,
859 744 905 769 ac
944 730 1166 780 quaeritur,
1204 743 1296 767 num
1323 742 1464 779 reapse
1493 727 1641 767 Canisii
1670 728 1721 766 sit
1751 728 1813 775 (de
1843 741 1917 777 qua

148 805 190 830 re
221 791 441 830 dubitatum
471 792 560 839 est),
589 791 744 841 quando
776 791 867 828 data
897 789 947 828 sit
977 789 1034 835 (in
1063 802 1138 838 qua
1166 801 1208 826 re
1238 791 1409 826 erratum
1439 789 1528 835 est),
1558 787 1698 837 quibus
1727 787 1917 837 inscripta

147 851 201 889 sit
231 853 343 900 (quos
372 864 485 889 nemo
515 851 642 888 adhuc
672 849 888 898 cognovit);
919 862 955 887 v.
984 848 1100 895 infra,
1130 861 1165 897 p.
1197 849 1418 886 530—535.

270 922 401 960 Rebus
439 921 557 971 ipsis,
597 933 695 970 quae
732 920 773 958 in
811 919 990 969 epistulis
1028 923 1067 956 et
1105 919 1204 956 actis
1235 917 1382 956 Oanisii
1421 917 1689 963 continentur,
1729 916 1918 966 imprimis

149 980 353 1019 Canisii
390 980 549 1018 vitam
587 979 779 1017 illustrari
816 991 886 1028 per
918 991 960 1016 se
988 981 1110 1027 patet.
1166 977 1292 1014 Multa
1321 976 1474 1026 quidem
1504 979 1542 1014 et
1570 976 1734 1026 pulchra
1762 979 1917 1013 veteres

149 1040 208 1077 illi
229 1039 376 1078 Canisii
396 1039 601 1089 biographi
621 1038 806 1086 (maxime
826 1037 1002 1075 Raderus
1024 1039 1063 1074 et
1083 1036 1314 1082 Sacchinus)
1338 1039 1378 1073 et
1399 1035 1609 1074 Societatis
1629 1035 1720 1073 Iesu
1738 1034 1918 1073 historio·

151 1099 291 1149 graphi
321 1099 577 1144 rettulerunt;
618 1111 716 1147 quae
753 1100 908 1140 tamen,
948 1096 1037 1145 quia
1074 1096 1181 1145 ipsos
1219 1095 1452 1133 relationum
1490 1107 1648 1132 suarum
1685 1094 1816 1132 fontes
1848 1107 1917 1143 pro

150 1158 305 1196 illorum
323 1161 538 1207 temporum
559 1170 665 1194 more
686 1168 804 1205 saepe
823 1155 1054 1200 reticebant,
1085 1154 1296 1192 infirmiora
1317 1157 1419 1200 sunt,
1450 1157 1588 1192 nostra
1617 1153 1756 1191 saltem
1787 1156 1918 1190 aetate

152 1216 310 1254 critices
340 1216 619 1254 amantissima.
676 1215 963 1254 Confirmantur
1001 1217 1130 1251 autem
1165 1214 1239 1251 hae
1268 1213 1480 1251 relationes
1510 1213 1689 1262 epistulis
1719 1215 1758 1249 et
1785 1224 1919 1249 monu-

152 1276 295 1313 mentis
325 1275 551 1322 canisianis,
582 1275 621 1312 in
650 1275 789 1324 quibus
818 1277 942 1312 testes
972 1276 1200 1322 comparent
1228 1272 1385 1310 oculati.
1423 1272 1603 1320 Augetur
1631 1271 1750 1309 etiam
1770 1270 1919 1309 Canisii

154 1334 385 1384 biographia
413 1336 529 1372 rebus
557 1334 660 1371 haud
690 1333 848 1383 paucis,
887 1345 1049 1382 quarum
1077 1345 1190 1370 nemo
1226 1332 1309 1369 eius
1346 1331 1607 1380 biographus,
1646 1344 1758 1368 nemo
1790 1330 1918 1367 Socie-

151 1394 248 1431 tatis
277 1393 618 1442 historiographus
648 1392 742 1430 fecit
770 1392 1023 1437 mentionem,
1067 1404 1165 1440 quae
1194 1404 1257 1428 res
1285 1390 1531 1440 potissimum
1559 1393 1742 1440 spectant
1770 1388 1919 1427 Canisii

152 1452 284 1490 studia
314 1452 575 1496 coloniensia,
615 1456 729 1501 gesta
758 1451 798 1489 in
828 1451 991 1489 concilio
1023 1450 1237 1488 tridentino
1267 1450 1484 1487 Bononiam
1512 1449 1729 1493 translato,
1766 1448 1841 1486 iter
1869 1447 1918 1486 si-

153 1512 280 1549 culum
311 1515 349 1549 et
378 1511 556 1560 magistri
585 1524 725 1549 munus
753 1511 963 1548 Messanae
992 1514 1163 1558 gestum,
1194 1509 1366 1547 officium
1394 1509 1559 1547 rectoris
1589 1521 1623 1546 a.
1654 1508 1915 1546 1550—1551

151 1570 194 1608 in
223 1571 483 1609 universitate
511 1570 813 1619 ingolstadiensi
843 1584 865 1608 a
895 1569 1052 1608 Oanisio
1082 1568 1397 1606 administratum
1427 1572 1500 1606 etc.

274 1640 472 1687 szisius,
512 1654 588 1690 qua
618 1644 702 1678 erat
730 1640 879 1690 ingenii
907 1640 1099 1678 facilitate
1128 1642 1167 1677 et
1196 1639 1350 1677 divinae
1379 1638 1527 1687 gloriae
1556 1637 1825 1687 procurandae
1856 1650 1917 1674 cu-

153 1700 329 1751 piditate,
358 1700 488 1747 etiam,
511 1700 735 1750 priusquam
758 1700 886 1738 studia
906 1700 1125 1737 litterarum
1146 1698 1394 1743 absolvisset,
1424 1698 1465 1735 in
1486 1700 1683 1735 certamen
1705 1696 1917 1741 descendit,

159 1760 330 1809 „proelia
360 1759 503 1798 domini
533 1760 832 1809 proeliaturus“.
879 1759 939 1796 Ex
972 1772 1047 1808 qua
1075 1772 1117 1796 re
1146 1758 1262 1795 facile
1291 1757 1534 1806 intellegitur
1562 1756 1721 1806 scriptis
1751 1760 1789 1794 et
1818 1756 1917 1793 actis

153 1819 195 1856 in
224 1819 298 1857 hoc
326 1819 523 1857 volumine
552 1819 815 1869 proponendis
844 1818 1118 1856 historiam
1160 1816 1584 1855 ecclesiasticam
1622 1815 1754 1854 multis
1792 1815 1917 1854 modis

153 1879 281 1916 iuvari
310 1882 425 1927 atque
455 1878 601 1927 augeri.

274 1943 616 1981 Colonienses
648 1942 844 1981 Ganisii
884 1942 1143 1992 epistulae
1181 1955 1214 1980 a.
1247 1941 1508 1978 1541—1546
1549 1940 1663 1978 datae
1698 1940 1916 1978 litterarum

153 2002 284 2041 studia
322 2002 362 2040 in
391 2003 594 2052 praeclara
632 2002 699 2039 illa
735 2002 993 2039 universitate
1022 2001 1099 2038 iam
1127 2000 1425 2049 languescentia
1453 1999 1566 2037 nobis
1596 2000 1826 2046 ostendunt3
1863 2003 1918 2037 at-

152 2065 284 2099 tamen
314 2061 431 2099 etiam
460 2061 500 2099 in
528 2061 637 2099 illum
665 2075 736 2099 nos
766 2061 878 2110 quasi
915 2061 1167 2098 introducunt
1204 2060 1401 2098 hominum
1439 2059 1719 2097 coloniensium
1749 2059 1917 2096 nobilem

153 2125 318 2167 coetum,
348 2121 388 2158 in
417 2134 490 2170 quo
520 2121 717 2169 theologia
747 2120 914 2170 mystica
945 2120 1157 2157 etiamtunc
1186 2120 1364 2164 florebat,
1394 2122 1549 2168 patrum
1579 2119 1770 2156 ecclesiae
1799 2131 1917 2167 opera

154 2180 361 2229 diligenter
397 2180 628 2229 legebantur
658 2183 696 2218 et
732 2181 1016 2228 vulgabantur,
1057 2178 1220 2216 consilia
1260 2179 1582 2223 conferebantur,
1625 2177 1762 2227 quibus
1800 2177 1917 2215 ratio-

153 2239 267 2277 nibus
313 2240 436 2277 falsus
490 2239 802 2286 „humanismuff
850 2243 888 2276 et
928 2238 1129 2286 religionis
1169 2237 1386 2275 catholicae
1426 2237 1713 2274 subvertendae
1753 2240 1916 2274 conatus

153 2298 289 2347 repelli
318 2302 488 2348 possent.
535 2299 714 2336 Ecclesia
744 2298 978 2336 coloniensis
1007 2297 1047 2334 in
1069 2310 1114 2334 ea
1142 2300 1318 2345 tempora
1346 2296 1550 2341 inciderat,
1580 2295 1717 2344 quibus
1747 2296 1917 2333 fortasse

153 2358 300 2394 nullum
320 2371 499 2406 umquam
521 2358 692 2406 gravius,
715 2358 861 2395 nullum
882 2357 1006 2405 magis
1028 2360 1113 2394 erat
1132 2356 1415 2405 periculosum:
1440 2355 1690 2392 Hermannus
1712 2355 1757 2392 (le
1778 2355 1916 2395 Weda,

155 2416 238 2453 eius
269 2417 570 2454 archidioecesis
601 2417 807 2467 episcopus
838 2417 951 2454 simul
981 2420 1019 2454 et
1048 2415 1241 2465 princeps,
1282 2415 1536 2452 Colonienses
1567 2428 1588 2451 a
1618 2414 1692 2451 fide
1723 2414 1916 2451 catholica

156 2475 203 2511 ad
232 2475 393 2512 Lutheri
425 2479 555 2513 castra
585 2476 778 2514 abducere
809 2476 986 2513 omnibus
1017 2475 1167 2512 artibus
1198 2475 1423 2512 conabatur.
1472 2473 1670 2512 Canisium
1699 2473 1738 2510 111
1769 2486 1812 2510 eo
1844 2473 1916 2511 dis-

157 2533 315 2571 crimine
342 2535 477 2572 auxilii
504 2535 737 2585 impetrandi
758 2549 877 2573 causa
898 2536 946 2572 ad
966 2535 1145 2572 Carolum
1167 2534 1213 2571 V.
1245 2547 1265 2570 a
1297 2534 1399 2570 clero
1422 2537 1459 2570 et
1479 2533 1736 2570 universitate
1756 2532 1916 2570 missum

157 2605 244 2630 esse
276 2593 352 2630 iam
390 2594 479 2631 olim
508 2598 640 2632 notum
680 2598 784 2641 erat;
825 2599 865 2632 at
903 2594 1020 2631 semel
1057 2593 1217 2630 missum
1258 2605 1344 2630 esse
1383 2592 1608 2637 tradebant3
1650 2604 1698 2629 ex
1738 2591 1916 2641 epistulis

155 2665 248 2689 vero
286 2652 432 2689 nostris
468 2654 719 2701 cognoscitur
756 2658 816 2691 ter
853 2654 976 2691 fuisse
1006 2654 1197 2701 legatum:
1237 2664 1369 2688 mense
1403 2652 1582 2699 Augusto
1614 2651 1703 2688 anni
1737 2653 1837 2688 1545
1869 2652 1915 2689 ad

155 2711 427 2760 imperatorem
455 2725 524 2760 per
553 2712 750 2750 Coloniam
779 2716 1068 2750 transeuntem:
1108 2712 1266 2749 ineunte
1296 2712 1378 2748 fere
1417 2723 1549 2748 mense
1579 2710 1786 2747 Decembri
1820 2710 1915 2748 eius-

156 2771 242 2807 dem
272 2770 363 2807 anni
393 2771 441 2807 ad
471 2771 633 2808 eundem
661 2772 701 2808 in
732 2772 867 2821 Belgio
897 2776 1113 2809 morantem
1143 2773 1203 2809 (ac
1233 2774 1324 2807 tunc
1354 2769 1508 2807 litteras
1548 2769 1736 2808 obtinuit.
1778 2770 1915 2818 quibus

156 2829 402 2875 edicebatur,
446 2842 493 2866 ne
531 2830 735 2878 quicquam
775 2831 1091 2880 archiepiscopus
1130 2830 1191 2866 vel
1231 2830 1465 2867 electoratus
1496 2828 1730 2866 coloniensis
1761 2829 1916 2867 ordines

155 2888 195 2926 111
234 2888 401 2926 comitiis
439 2889 703 2926 bonnensibus
743 2890 789 2927 de
827 2890 1014 2937 religione
1054 2889 1373 2933 constituerentl:
1413 2888 1571 2925 incunte
1611 2888 1774 2937 (lenique
1813 2902 1915 2926 anno

158 2948 259 2985 1547
298 2947 337 2984 in
373 2954 503 2985 castra
543 2948 671 2985 Caroli
701 2949 842 2986 bellum
882 2948 1173 2986 smalcaldicum
1210 2948 1402 2996 gerentis3
1453 2960 1523 2984 nec
1572 2947 1694 2984 solum
1743 2948 1836 2984 cleri
1878 2952 1915 2985 et

156 3006 424 3045 universitatis
456 3006 611 3044 nomine
641 3006 820 3044 Canisius
858 3007 897 3044 in
937 3020 981 3044 ea
1021 3010 1152 3044 castra
1190 3007 1387 3056 profectus
1426 3010 1505 3051 est,
1546 3006 1612 3044 sed
1653 3006 1769 3043 etiam
1799 3007 1914 3055 (quod

156 3065 393 3115 biographos
422 3065 553 3113 latuit)
584 3066 737 3104 litteras
768 3066 1110 3104 commendaticias
1141 3079 1271 3103 secum
1306 3066 1478 3112 ferebat,
1519 3065 1565 3103 ad
1597 3065 1913 3104 Granvellanum.

156 3124 313 3162 Petrum
343 3126 388 3163 de
410 3124 513 3170 Soto,
545 3125 744 3162 Verallum
773 3125 949 3162 nuntium
971 3125 1228 3174 apostolicum
1258 3125 1370 3163 (latas
1392 3126 1439 3162 ab
1461 3124 1638 3173 Adolpho
1668 3124 1712 3160 (le
1733 3124 1915 3161 8011311111-

156 3185 267 3233 burg,
297 3184 486 3222 ecclesiae
515 3184 749 3222 coloniensis
779 3185 1095 3222 administratore
1125 3184 1276 3233 (postea
1307 3184 1637 3233 arcl1iepis00p0);
1669 3183 1731 3231 qui
1759 3183 1914 3221 Cauisio

1594 3259 1612 3281 C
