2113 3430
233 189 346 218 XXVI
720 175 764 209 ΙΙ.
799 175 1026 210 Prooemium
1052 176 1220 220 generale
1246 176 1357 211 totius
1383 176 1512 222 operis.

354 291 579 340 Complures
610 290 758 330 Canisii
787 292 991 342 epistulae,
1020 295 1133 331 tanta
1162 294 1279 331 etiam
1309 294 1483 332 adhibita
1512 291 1732 343 diligentia,
1763 294 2000 345 deprehendi

232 363 309 387 non
351 354 582 399 potuerunt3
630 364 665 389 v.
708 364 744 400 g.
785 351 900 399 illae,
949 365 1046 401 quas
1091 353 1164 399 „ad
1203 352 1441 403 Episcopum
1481 354 1725 392 Mindensem
1772 357 1811 392 et
1849 355 1997 393 Ducem

232 409 596 447 B1·unswicensen1“
627 410 769 449 missas
791 424 878 449 esse
899 411 1124 449 academiae
1144 411 1465 461 ingolstadiensis
1481 412 1822 464 historiographus
1843 414 1998 463 quidam

232 468 402 506 affirmat
420 472 440 507 ¹.
495 468 577 507 Nec
606 472 738 508 tamen
767 470 908 508 messis
938 469 1084 519 exigua
1110 470 1196 509 fuit.

352 553 536 599 Spectanti
555 554 648 589 enim
667 555 842 600 epistulas
860 556 1074 595 canisianas,
1098 567 1190 600 quae
1208 557 1270 590 aut
1289 568 1333 590 ex
1352 556 1445 590 omni
1464 559 1567 602 parte
1585 560 1648 592 aut
1666 570 1711 592 ex
1730 558 1852 603 aliqua
1869 558 1999 594 saltem

232 610 437 651 supersunt,
464 608 689 653 apparebunt
713 609 807 643 inter
833 620 904 649 eos,
931 609 992 654 qui
1018 609 1160 644 litteras
1186 621 1206 643 a
1226 609 1368 644 Canisio
1395 621 1566 655 accepere
1592 613 1655 646 aut
1680 611 1725 645 ad
1752 623 1832 645 eum
1859 611 1998 654 dedere,

233 659 355 695 Sancti
375 660 587 696 Franciscus
606 661 777 703 SalesiuS,
802 661 951 697 Carolus
970 662 1218 704 Borromaeus,
1245 662 1419 707 Ignatius,
1445 663 1659 698 Franciscus
1677 664 1839 708 Borgias,
1865 664 2001 700 Beatus

232 713 364 748 Petrus
389 714 522 755 Faber,
554 716 683 749 summi
709 715 898 760 pontifices
924 715 1038 750 Iulius
1064 716 1146 758 HL,
1172 715 1259 750 Pius
1285 716 1367 757 1V.‚
1395 715 1592 759 Gregorius
1615 717 1732 758 XIII„
1763 718 2001 763 imperatores

232 766 480 802 Ferdinandus
505 768 531 802 I.
559 770 595 802 et
620 768 868 803 Ferdinandus
893 769 958 811 IL,
991 769 1169 804 Bavariae
1204 769 1383 815 principes
1409 769 1582 804 Albertus
1607 770 1670 812 V.‚
1703 770 1918 805 Guilielnius
1944 771 1999 814 V.‚

232 820 503 855 Maximilianus
529 821 566 863 1.‚
593 821 767 856 archidux
793 822 1040 856 Ferdinandus
1066 822 1111 857 Π.
1137 822 1352 864 Tirolensis,
1380 822 1582 857 cardinales
1606 823 1788 866 Amulius,
1816 824 1999 858 Commen-

233 873 366 915 donus,
401 874 698 909 Bartholomaeus
725 875 872 916 Gallus,
907 875 1060 917 Hosius,
1095 875 1286 921 Philippus
1320 876 1496 910 Bavariae
1531 877 1624 917 dux,
1659 876 1830 919 Sirletus,
1865 877 2000 912 Truch·

233 927 380 969 sessius,
407 928 521 962 nuntii
548 928 736 973 apostolici
762 929 915 963 loannes
937 928 1152 964 Franciscus
1170 929 1401 970 Bonhomius,
1426 930 1577 964 Ioannes
1594 929 1803 975 Dolphinus,
1829 931 2001 976 Aloysius

233 980 470 1025 Lipomanus,
513 981 747 1016 Sebastianus
785 981 985 1027 Pighinus,
1028 982 1324 1017 Bartholomaeus
1363 994 1482 1018 comes
1520 983 1775 1025 Purliliarum3
1817 984 2001 1019 antistites

235 1033 419 1079 (episcopi,
446 1035 756 1070 administratores
782 1035 866 1079 etc.)
888 1035 1207 1070 archidioecesium
1234 1038 1270 1070 et
1293 1035 1508 1071 dioecesium
1528 1037 1846 1081 argentoratensis,
1871 1038 2001 1072 basile-

234 1087 349 1127 ensis,
377 1088 615 1130 brixinensis,
643 1089 896 1134 eystettensis,
924 1088 1172 1132 frisingensis,
1204 1089 1483 1134 herbipolensis,
1518 1090 1722 1132 lundensis,
1756 1091 2000 1134 moguntinae,

233 1141 536 1183 monasteriensis,
563 1142 874 1186 naumburgensis,
900 1142 1211 1187 paderbornensis,
1229 1142 1429 1187 pragensis,
1453 1143 1744 1187 salisburgensis,
1769 1145 1999 1186 treverensis,

232 1194 458 1233 varmiensis,
476 1195 701 1236 viennensis;
723 1195 912 1230 Societatis
931 1195 1012 1230 Iesu
1030 1195 1224 1240 praepositi
1243 1196 1431 1239 generales
1449 1196 1598 1231 Iacobus
1617 1196 1774 1239 Lainius,
1793 1197 1999 1232 Everardus

232 1247 500 1291 Mercurianus,
537 1248 708 1283 Claudius
742 1249 953 1293 Aquaviva;
989 1249 1059 1283 viri
1094 1248 1255 1283 illustres
1290 1249 1479 1294 permulti,
1515 1250 1629 1284 veluti
1663 1250 1795 1285 Petrus
1825 1250 1998 1292 Busaeus,

232 1300 420 1336 Maternus
448 1302 637 1344 Cholinus,
663 1302 876 1336 Franciscus
903 1301 1093 1344 Costerus,
1128 1302 1308 1336 Martinus
1333 1302 1565 1347 Eisengrein,
1597 1304 1774 1347 Georgius
1799 1304 1999 1348 Fuggerus,

233 1354 385 1389 Ioannes
412 1355 628 1401 Gropperus,
657 1356 848 1399 Wiguleus
874 1356 1010 1396 Hundt,
1036 1355 1333 1390 Bartholomaeus
1355 1355 1537 1398 Latomus,
1564 1357 1779 1392 Guilielmus
1805 1357 1998 1398 Lindanus,

233 1407 414 1442 Oliverius
440 1409 651 1450 Manareus,
688 1408 930 1454 Hieronymus
955 1408 1119 1450 Natalis,
1157 1409 1308 1443 Ioannes
1346 1408 1540 1454 Nopehus,
1580 1409 1752 1444 Onufrius
1786 1410 1998 1451 Panvinius,

233 1461 384 1495 Ioannes
402 1461 589 1503 pistorius,
617 1462 896 1507 Christophorus
913 1461 1114 1504 Plautinus,
1135 1461 1313 1496 Antonius
1331 1461 1560 1505 Possevinus,
1578 1463 1784 1508 Alphonsus
1802 1463 1998 1506 Salmeron,

233 1514 477 1559 lVolfgangus
495 1515 669 1555 Sedelius,
688 1515 818 1550 Petrus
836 1515 1038 1561 Schnewly,
1058 1515 1209 1550 Ioannes
1227 1516 1378 1550 Iacobus
1396 1528 1417 1550 a
1435 1516 1545 1558 Staal,
1568 1516 1771 1551 Fridericus
1789 1516 1998 1562 Staphylus,

233 1567 448 1603 Laurentius
475 1568 611 1609 Sui-ius,
638 1569 805 1603 Ruardus
831 1569 1026 1614 Tapperus,
1055 1568 1270 1604 Guilielmus
1296 1568 1579 1612 Techtelmann,
1611 1569 1844 1605 Sebastianus
1871 1570 1998 1605 Verro-

232 1621 323 1662 nius,
350 1622 495 1656 Marcus
520 1622 664 1657 NVelser
690 1625 756 1657 etc.

351 1711 463 1749 Haec
482 1711 570 1761 ipsa
589 1711 747 1749 nomina
767 1711 964 1749 sufficient
984 1712 1034 1749 ad
1054 1711 1334 1750 ostendendum
1353 1716 1603 1758 momentum,
1633 1712 1734 1762 quod
1759 1712 1799 1750 in
1820 1713 1998 1763 epistulis

234 1769 449 1808 canisianis
480 1771 596 1808 situm
626 1774 687 1809 est
715 1784 784 1821 pro
813 1771 979 1809 historia
1007 1774 1089 1809 tum
1118 1783 1232 1809 sacra
1269 1774 1352 1809 tum
1383 1772 1490 1809 civili
1517 1776 1600 1810 tum
1627 1772 1830 1811 litteraria.
1888 1772 1998 1818 Quod

234 1829 386 1878 quidem
416 1830 660 1868 enucleatius
690 1832 929 1868 enarrabunt
956 1830 1156 1880 prooemia
1193 1830 1382 1880 specialia
1417 1831 1582 1880 singulis
1610 1831 1862 1881 praefigenda
1890 1832 1997 1870 volu-

233 1888 413 1928 minibus.
453 1889 665 1928 Praeterea
694 1890 859 1939 singulis
880 1889 1059 1939 epistulis
1085 1903 1208 1937 „sum
1220 1890 1449 1928 marium“
1480 1890 1689 1937 antecedit,
1720 1891 1876 1937 docens,
1907 1890 1997 1940 quid

235 1948 473 1987 contineant.

352 2008 622 2057 Epistulae
651 2022 767 2058 porro
796 2022 819 2046 a
846 2008 1002 2047 Canisio
1032 2008 1147 2046 datae
1176 2009 1239 2046 vel
1268 2009 1317 2046 ad
1346 2009 1509 2047 eundem
1538 2008 1682 2047 missae
1711 2008 1774 2046 hic
1802 2012 1998 2058 ponentur

233 2079 387 2112 onmes,
430 2067 513 2105 sive
552 2067 680 2105 editae
718 2068 796 2105 iam
826 2072 917 2105 sunt
946 2067 1030 2105 sive
1059 2081 1138 2105 non
1167 2071 1279 2114 sunt,
1317 2068 1487 2117 itemque
1515 2068 1712 2106 iudicia
1741 2068 1910 2114 Canisii,
1949 2081 1996 2106 ac

230 2126 388 2164 litterae
418 2126 536 2164 etiam
570 2127 895 2174 „dedicator-iae&
935 2140 957 2164 a
988 2127 1143 2166 Canisio
1173 2127 1254 2165 suis
1285 2127 1499 2166 aliorumve
1533 2127 1644 2165 libris
1672 2127 1892 2177 praefixae,
1932 2128 1995 2164 vel

232 2186 280 2223 ab
311 2185 399 2224 aliis
430 2186 686 2235 scriptoribus
717 2187 764 2224 ad
794 2186 994 2224 Canisium
1023 2186 1158 2233 datae3
1198 2200 1288 2224 nam
1325 2186 1381 2224 in.
1403 2187 1464 2224 his
1496 2200 1647 2236 quoque
1676 2200 1778 2224 nova
1807 2186 1996 2235 quaedam

231 2248 270 2282 et
299 2245 515 2293 singularia
545 2245 726 2283 dicuntur
755 2246 800 2283 de
823 2245 1044 2283 hominibus
1064 2247 1256 2295 rebusque
1275 2246 1429 2284 illorum
1448 2250 1678 2295 temporum,
1708 2245 1862 2294 aliaque
1881 2245 1996 2283 valde

230 2304 414 2353 pulchra3
456 2317 501 2342 ac
539 2304 660 2343 libros
696 2305 784 2343 illos
822 2305 929 2355 ipsos
967 2304 1181 2354 inspicere,
1221 2318 1324 2342 nunc
1363 2318 1481 2354 saepe
1520 2305 1623 2342 haud
1660 2305 1716 2342 ita
1750 2304 1867 2342 facile
1897 2305 1995 2343 est2.

231 2361 377 2407 Quodsi
407 2363 571 2401 alicuius
602 2364 829 2402 canisianae
859 2364 1050 2414 epistulae
1080 2365 1300 2414 exemplum
1329 2364 1483 2413 quidem
1514 2364 1642 2413 ipsum
1670 2363 1797 2414 periit,
1826 2363 1998 2412 vestigia

230 2426 361 2460 autem
389 2423 577 2471 quaedam
607 2426 838 2473 supersunt,
879 2436 911 2461 e.
940 2436 976 2472 g.
1005 2423 1046 2460 in
1075 2423 1245 2474 epistula
1273 2423 1380 2461 tertii
1410 2423 1631 2468 cuiusdam,
1671 2422 1862 2472 epistulae
1891 2422 1996 2460 illius

231 2481 457 2519 canisianae
477 2482 710 2520 mentionem
732 2482 927 2524 facientis.
949 2483 1047 2520 haec
1067 2482 1106 2520 in
1127 2483 1289 2520 formam
1315 2482 1504 2531 „regesti“
1530 2483 1690 2520 redacta
1715 2482 1876 2531 typis,
1898 2494 1996 2530 quas

231 2540 377 2585 dicunt,
408 2541 636 2579 cursivis
670 2542 956 2580 exscribuntur.
1004 2542 1061 2579 Ea
1091 2545 1234 2587 autem,
1265 2554 1363 2590 quae
1393 2541 1498 2579 dicta
1527 2545 1629 2587 sunt,
1661 2541 1790 2578 onmia
1818 2554 1896 2579 non
1925 2553 1997 2590 per

230 2603 310 2637 tres
341 2604 408 2637 aut
437 2604 620 2649 quattuor
649 2601 798 2639 classes
828 2601 1140 2649 distinguentur,
1179 2601 1248 2638 sed
1275 2601 1495 2650 promiscue
1523 2603 1738 2650 ponentur,
1777 2604 1995 2649 temporum

231 2662 383 2696 tantum
422 2660 556 2697 ordine
595 2661 825 2706 obse1·vat0;
868 2673 982 2698 secus
1025 2659 1126 2697 enim
1167 2659 1310 2697 nimiae
1351 2659 1392 2697 in
1432 2673 1508 2697 uno
1548 2659 1756 2709 eodemque
1797 2659 1995 2697 volumine

231 2717 426 2756 orirentur
455 2718 688 2766 divisiones;
721 2723 760 2757 et
789 2719 979 2768 epistulae
1001 2719 1048 2756 ad
1070 2718 1268 2757 Canisium
1288 2718 1432 2756 missae
1453 2731 1570 2768 saepe
1599 2718 1876 2768 responsiones
1903 2720 1996 2755 sunt

354 2849 363 2867 ¹
391 2848 418 2880 I.
447 2848 490 2881 N.
518 2847 699 2890 Medores,
735 2847 893 2881 Annales
919 2846 1216 2890 Ingolstadiensis
1249 2846 1464 2881 Academiae
1498 2846 1538 2880 P.
1565 2847 1586 2880 2
1616 2845 1841 2890 (ingolstadii
1874 2845 1993 2887 1782),

230 2912 263 2944 p.
293 2900 370 2934 151.
423 2899 619 2944 Episcopus
655 2900 714 2933 ille
747 2900 859 2934 fuisse
891 2900 1033 2934 videtur
1059 2899 1246 2944 Georgius,
1282 2899 1572 2945 archiepiscopus
1598 2898 1794 2934 bremensis
1828 2898 1995 2942 idemque

231 2953 420 2997 episcopus
454 2953 650 2986 mindensis
686 2956 721 2986 et
753 2953 1022 2987 administrator
1048 2953 1254 2993 verdensis,
1290 2952 1350 2997 qui
1377 2952 1522 2987 Henrici
1550 2952 1707 2992 iunioris,
1743 2951 1843 2985 ducis
1869 2951 1993 2985 bruns-

231 3006 399 3046 vicensis,
427 3007 539 3040 frater
562 3008 650 3040 erat.
685 3005 736 3039 Dc
756 3018 824 3049 quo
842 3007 884 3040 E.
904 3007 1092 3050 Rez'nmnn,
1119 3006 1184 3039 Die
1204 3005 1373 3048 Sendung
1391 3005 1453 3039 des
1472 3004 1628 3039 Nuntius
1646 3003 1906 3038 Commendone
1925 3006 1992 3038 etc.

231 3059 267 3092 in
297 3059 571 3101 „Forschungen
598 3070 660 3092 zur
687 3059 883 3092 deutschen
910 3058 1144 3093 Geschichte‘
1176 3058 1244 3092 VII
1273 3058 1486 3102 (Gottingen
1515 3057 1634 3100 1867),
1660 3057 1739 3091 266.

353 3111 365 3131 2
393 3110 591 3145 Clarissimi
617 3111 772 3145 editores
799 3111 1035 3155 epistularum
1062 3111 1255 3145 cardinalis
1281 3110 1382 3144 Hosii
1408 3110 1572 3155 epistulis
1599 3109 1706 3143 etiam
1733 3109 1994 3155 „praefationes

232 3164 276 3198 ad
303 3164 492 3198 lectorem“
523 3164 732 3208 adiungunt.
