2178 3430
417 189 450 225 2.
483 189 536 223 De
564 188 696 223 Canisii
722 188 886 234 epistulis
912 189 949 222 et
973 187 1017 222 de
1042 186 1180 221 ratione
1205 185 1241 220 in
1266 185 1311 220 iis
1336 184 1482 219 edendis
1507 184 1664 218 servata.
1797 196 1919 224 XXIII

277 308 405 346 Tanta
433 306 613 345 Canisius
644 309 749 343 certe
778 318 857 344 non
884 303 1163 354 praestitisset,
1193 302 1269 340 nisi
1299 314 1385 339 cum
1415 299 1630 338 eruditione
1660 311 1706 336 ac
1733 297 1920 335 facundia

155 367 349 416 insignem
385 365 528 404 vitae
566 365 886 415 probitatem
925 362 1194 401 coniunxisset
1231 364 1347 410 atque
1383 359 1572 409 imprimis
1606 356 1795 396 orationis
1825 356 1919 393 assi-

157 427 359 472 duitatem,
389 424 507 463 animi
536 424 822 470 demissionem,
854 422 1139 461 oboedientiam
1168 433 1263 469 erga
1288 419 1546 469 praepositos,
1579 417 1720 455 ardens
1750 416 1921 454 studium

157 485 305 534 gloriae
345 483 500 522 divinae
541 487 580 521 et
620 483 759 521 salutis
803 482 1018 520 animarum
1063 479 1363 529 promovendae.
1428 477 1594 526 Propter
1639 477 1712 514 has
1752 475 1921 512 virtutes

157 544 304 582 ultimis
332 542 565 593 praesertim
594 542 700 580 vitae
730 542 843 580 annis
871 541 933 578 vir
961 542 1122 578 sanctus
1149 539 1390 582 habebatur,
1420 536 1640 586 sepulcrum
1669 547 1719 572 ex
1746 537 1922 583 tempore

158 603 297 641 mortis
327 602 411 640 eius
440 615 562 651 usque
590 601 631 638 in
659 614 848 651 praesens
875 599 1037 649 pietatis
1067 597 1195 646 gratia
1225 610 1248 634 a
1276 595 1409 634 multis
1443 594 1700 639 visitabatur,
1737 593 1922 642 pleraque

159 662 373 700 sanitatum
400 660 499 698 mira
535 660 726 698 beneficia
753 672 824 709 per
862 671 949 696 eum
986 658 1197 706 impetrata
1227 656 1500 693 referebantur
1518 656 1538 691 ¹.
1595 651 1722 689 Annis
1753 653 1853 688 1625
1884 655 1925 689 et

162 722 263 759 1626
293 720 498 768 Dilingae‚
528 719 757 767 Frisingae,
793 717 977 766 Friburgi
1004 715 1276 754 Helvetiortmi
1305 713 1480 763 episcopi
1508 711 1670 750 iuridice
1699 711 1745 747 de
1774 709 1923 748 Canisii

159 779 243 817 vita
271 779 467 828 inquirere
497 781 730 828 coeperunt,
771 781 810 815 et
839 789 942 815 anno
973 776 1074 814 1740
1112 774 1267 812 initium
1295 774 1443 811 factum
1473 775 1533 809 est
1570 769 1775 820 processui
1803 768 1922 806 beati-

159 838 354 876 ficationis
380 837 618 888 apostolico;
650 837 698 874 ad
727 849 851 886 quem,
880 839 1098 884 temporum
1117 832 1260 871 iniuria
1280 832 1552 880 interruptum,
1584 828 1796 878 Gregorius
1816 827 1922 865 XVI.

161 911 263 936 anno
305 898 406 935 1833
444 896 570 935 rediit.
626 896 734 933 Idem
771 894 949 944 pontifex
987 894 1049 931 28.
1078 892 1254 930 Ianuarii
1288 892 1390 929 1844
1428 888 1670 928 sollemniter
1708 887 1925 925 declaravit

160 956 328 994 virtutes
356 956 397 994 in
420 955 576 995 Oanisio
606 955 728 992 fuisse
756 953 948 991 heroicas.
996 952 1173 1000 Denique
1202 951 1295 988 Pius
1324 950 1390 988 IX.
1423 950 1484 987 17.
1504 948 1652 998 Aprilis
1685 947 1787 984 1864
1816 949 1923 994 quat·

160 1019 250 1054 tuor
269 1015 458 1053 miracula
478 1013 711 1064 approbavit
731 1012 814 1051 eius
843 1011 1127 1049 intercessione
1146 1013 1316 1060 patrata,
1348 1012 1387 1047 et
1407 1009 1468 1046 20.
1488 1006 1722 1046 Novembris
1752 1005 1924 1043 eiusdem

162 1074 255 1112 anni
283 1075 558 1112 Beatorum
587 1072 766 1120 catalogo
789 1070 986 1110 Oanisium
1015 1070 1218 1119 inscripsit
1247 1069 1407 1118 eiusque
1430 1069 1575 1105 festum
1595 1066 1696 1104 diem
1716 1063 1925 1114 quotannis

162 1133 224 1172 die
254 1134 315 1172 27.
345 1132 494 1183 Aprilis
522 1131 587 1180 agi
616 1130 812 1169 concessit
826 1132 849 1169 2.

273 1253 313 1293 2.
350 1253 412 1293 De
443 1252 612 1293 Canisii
642 1250 846 1301 epistulis
877 1252 920 1290 et
949 1248 1002 1289 (10
1030 1248 1207 1288 ratione
1236 1247 1286 1287 in
1314 1247 1371 1286 iis
1402 1245 1584 1286 edendis
1614 1246 1811 1286 servata.

284 1346 464 1386 Canisius
487 1349 700 1396 „semper“,
720 1345 846 1395 inquit
864 1344 1102 1382 Franciscus
1123 1343 1339 1381 Sacchinus
1360 1342 1397 1381 S.
1419 1342 1445 1379 J
1447 1373 1468 1388 .‚
1497 1341 1657 1388 „habuit
1675 1340 1716 1378 in
1735 1352 1841 1377 more
1863 1339 1926 1376 ab·

164 1407 341 1445 sentibus
370 1419 521 1455 quoque
549 1406 737 1455 prodesse
765 1418 835 1454 per
872 1404 1029 1450 literas,
1070 1416 1168 1452 quae
1208 1415 1341 1440 omnes
1371 1415 1394 1439 a
1422 1401 1562 1439 iuuene
1600 1400 1695 1437 licet
1734 1398 1926 1444 conditae,

164 1468 342 1503 sanctam
371 1465 564 1514 quandam
583 1465 745 1502 Patrum
773 1463 989 1513 priscorum
1018 1461 1304 1511 antiquitatem,
1334 1464 1373 1499 et
1402 1461 1638 1509 grauitatem
1658 1458 1895 1508 spirabant.“
1915 1458 1928 1478 ³

283 1524 538 1562 Tricesimum
567 1536 710 1561 annum
741 1522 921 1561 Canisius
950 1521 1110 1559 vixdum
1139 1520 1348 1569 attigerat,
1388 1533 1474 1557 011111
1502 1519 1580 1556 13111
1610 1518 1709 1555 duae
1739 1517 1822 1554 eius
1852 1515 1929 1565 epi-

165 1584 293 1622 stulae
329 1583 435 1633 typis
468 1583 654 1631 vulgatae
684 1585 776 1620 sunt
812 1582 853 1619 in
881 1580 1077 1619 volumine
1113 1579 1335 1617 litterarum
1372 1579 1422 1616 ad
1450 1577 1690 1615 Fridericum
1719 1576 1927 1621 1Τ311503111,

164 1643 391 1693 episcopum
428 1642 704 1688 viennensem,
743 1640 921 1678 datarum
935 1643 959 1678 4.
1015 1639 1138 1677 Paulo
1177 1641 1306 1676 autem
1344 1641 1432 1687 post
1459 1636 1576 1675 Beati
1613 1635 1738 1674 nostri
1765 1634 1930 1672 mortem

164 1702 318 1751 aliquae
357 1701 440 1739 eius
480 1701 672 1751 epistulae
710 1703 908 1749 tamquam
946 1711 1083 1736 sacrae
1122 1698 1311 1747 quaedam
1351 1696 1609 1745 reliquiae
1651 1694 1725 1733 coli
1766 1697 1929 1743 coeptae

164 1764 256 1799 sunt
270 1764 293 1800 ⁵.
348 1761 459 1798 Inter
486 1773 583 1809 quas
611 1759 854 1797 recensenda
893 1761 953 1796 est
990 1758 1079 1804 illa,
1119 1770 1233 1806 quam
1271 1756 1446 1794 eruditus
1483 1755 1549 1792 ille
1586 1753 1734 1804 pariter
1766 1766 1812 1791 ac
1841 1752 1929 1802 pius

286 1900 297 1920 ¹
322 1900 377 1934 Ita
396 1912 431 1934 v.
450 1911 484 1943 g.
511 1900 720 1934 visitatores
746 1901 782 1934 et
808 1899 956 1933 abbates
983 1897 1273 1942 congregationis
1298 1896 1500 1931 helveticae
1526 1895 1658 1930 ordinis
1678 1893 1799 1928 Sancti
1818 1892 1929 1926 Bene·

165 1952 252 1987 dicti
291 1952 493 1994 „Feficone“
533 1953 564 1987 7.
592 1952 760 1987 Octobris
796 1952 887 1986 1658
921 1951 1127 1985 Alexandro
1162 1950 1240 1985 VII.
1276 1961 1390 1995 papae
1426 1949 1666 1994 scripserunt:
1704 1947 1760 1981 Ad
1796 1945 1930 1979 Canisii

165 2005 472 2039 canonizationem
496 2005 688 2050 petendam
714 2017 753 2040 se
780 2004 907 2039 adduci
938 2004 1034 2046 „eius
1059 2003 1139 2037 Viri
1173 2003 1279 2048 plane
1304 2002 1503 2047 Apostolici
1537 2000 1690 2035 heroicis
1723 1998 1930 2038 virtutibus,

165 2057 364 2092 animarum
390 2059 465 2092 zelo
493 2058 642 2099 eximio,
678 2060 714 2092 et
738 2057 921 2102 frequenti
946 2056 1198 2091 miraculorum
1225 2056 1362 2100 gratia,
1393 2055 1522 2100 quibus
1549 2053 1780 2088 Germaniam
1805 2053 1931 2092 totam,

166 2113 202 2145 et
227 2111 434 2156 cumprimis
460 2111 667 2145 Heluetiam
692 2113 853 2145 nostram
878 2110 1062 2155 impleuit“
1095 2109 1166 2153 (Ex
1192 2109 1398 2155 apographo
1424 2120 1518 2143 saec.
1544 2107 1658 2141 XVII.
1686 2108 1749 2140 aut
1773 2104 1931 2138 ineuntis

163 2164 308 2207 XVIII„
333 2165 370 2198 in
397 2166 519 2209 „Actis
544 2163 699 2207 Beatsz‘
725 2164 747 2198 l.
775 2176 804 2198 c.
831 2165 874 2198 A.
901 2163 975 2207 24).

284 2218 298 2238 2
323 2219 423 2252 Riess
447 2218 470 2252 l.
498 2229 527 2252 c.
553 2230 587 2263 p.
615 2218 720 2252 550-
734 2218 813 2252 571.
863 2216 1060 2251 Processus
1086 2215 1305 2261 apostolicus
1330 2214 1607 2250 beatificationis
1635 2211 1769 2247 Canisii
1798 2222 1932 2254 magna

164 2282 245 2305 cum
271 2270 458 2315 diligentia
484 2274 538 2313 et,
565 2270 708 2305 saeculo
733 2270 911 2316 imprimis
937 2270 1088 2312 XVIII.‚
1127 2281 1208 2304 011111
1234 2270 1358 2303 sancto
1386 2268 1538 2312 quodam
1564 2267 1682 2309 rigore
1707 2265 1827 2299 factus
1854 2265 1928 2304 est;

163 2335 232 2369 quo
266 2324 385 2368 rigore
409 2324 448 2358 P.
476 2326 671 2358 Francia-o
706 2325 862 2358 chverz'o
887 2324 1006 2366 Feyelc'
1041 2322 1075 2358 S.
1103 2323 1155 2365 J.,
1192 2322 1252 2366 qui
1288 2333 1334 2355 ex
1369 2332 1460 2355 auno
1497 2320 1588 2354 1740
1625 2319 1701 2353 eius
1739 2327 1932 2363 processus

168 2379 396 2422 „procurator
421 2377 658 2412 substitutus“
689 2377 768 2418 fuit,
795 2376 986 2421 aliquando
1012 2376 1101 2410 haec
1127 2376 1238 2410 verba
1265 2386 1417 2409 excussa
1443 2376 1546 2408 sunt:
1577 2372 1691 2415 „Vere
1717 2371 1809 2405 dixit
1835 2370 1930 2414 quis-

165 2429 259 2474 piam
287 2430 506 2466 Cardinalis:
535 2429 613 2472 ‚Qui
638 2430 719 2464 vult
744 2430 864 2464 facere
890 2431 1055 2464 sanctum
1082 2428 1349 2469 Confessorem,
1376 2427 1482 2461 debet
1506 2426 1583 2460 fieri
1609 2425 1771 2469 Martyr,‘
1802 2423 1838 2457 id
1864 2425 1931 2465 est,

165 2482 365 2524 laboribus,
391 2484 586 2526 molestiis,
623 2484 806 2518 adversis“
839 2482 949 2528 (MS.:
980 2482 1190 2524 „Succincta
1215 2481 1382 2515 Narratio
1408 2480 1560 2520 Eorum,
1598 2490 1690 2523 quae
1716 2479 1821 2520 gesta
1846 2478 1933 2510 sunt

167 2535 261 2569 circa
285 2535 498 2571 Processum
516 2537 762 2582 Apostolicum
782 2564 789 2572 .
809 2564 816 2571 .
837 2563 844 2571 .
872 2536 916 2570 V.
934 2536 974 2570 P.
994 2535 1092 2570 Petri
1121 2535 1255 2570 Canisii
1282 2534 1316 2569 S.
1344 2534 1365 2569 J
1370 2535 1413 2575 .“,
1440 2533 1474 2567 in
1502 2534 1624 2577 „Actis
1649 2532 1933 2573 Beate‘ficatiom's

166 2590 208 2622 Β.
236 2589 334 2622 Petri
363 2590 501 2624 Canis&
526 2590 565 2625 P.
592 2590 676 2632 1V“‚
702 2602 735 2624 n.
763 2590 819 2631 21,
846 2602 878 2634 p.
907 2590 948 2623 21
978 2588 1066 2633 [Ser.
1094 2588 1136 2622 X.
1164 2587 1268 2632 Hb]).

287 2642 300 2661 ³
325 2641 377 2675 De
402 2641 488 2676 Vita
514 2645 550 2676 et
574 2642 696 2677 Rebus
721 2642 837 2686 gestis
863 2642 903 2676 P.
930 2642 1031 2676 Petri
1058 2641 1192 2675 Canisii
1221 2639 1447 2685 (Ingolstadii
1476 2637 1581 2681 1616)
1611 2649 1643 2682 p.
1669 2638 1727 2671 45.

287 2695 300 2714 ‘¹
326 2694 567 2739 Epistolarum
601 2696 911 2730 miscellanearum
947 2695 991 2729 ad
1018 2694 1237 2728 Fridericum
1263 2693 1444 2727 Nauseam
1469 2690 1824 2735 Blancicampianum
1851 2717 1858 2724 .
1887 2716 1893 2723 .
1923 2716 1930 2723 .

166 2747 249 2781 libri
274 2747 306 2780 X
335 2747 515 2791 (Basileae
543 2749 663 2792 1550),
689 2760 722 2793 p.
750 2748 948 2782 373-375.
975 2747 1174 2782 400-403.

286 2800 299 2820 ⁵
325 2800 380 2834 Ita
413 2801 604 2835 memoriae
637 2801 811 2835 traditum
837 2803 893 2835 est
927 2812 1020 2835 anuo
1049 2800 1139 2834 1618
1174 2799 1359 2833 mulierem
1395 2797 1572 2842 quandam
1611 2795 1850 2835 (lucerneusis
1889 2806 1932 2829 ea

167 2853 279 2887 fuisse
305 2853 463 2897 videtur)
492 2854 528 2887 in
552 2854 650 2888 vitae
677 2854 873 2899 periculum
900 2856 1065 2888 vocatam
1096 2852 1276 2893 „thecam‚
1311 2851 1436 2886 literas
1462 2851 1502 2885 P.
1527 2850 1627 2884 Petri
1654 2849 1787 2884 Canisii
1821 2859 1931 2882 11131111

167 2908 336 2941 exaratas
362 2907 624 2941 continentem“
654 2907 792 2951 corpori
818 2906 1021 2941 admovisse
1051 2917 1112 2948 „eo
1137 2905 1323 2946 invocate,
1359 2904 1462 2950 cujus
1496 2903 1669 2947 reliquiae
1696 2903 1851 2942 esseut‘,
1889 2912 1932 2934 ac

165 2959 272 3004 paulo
297 2963 380 3004 post
404 2959 561 3004 periculo
597 2971 675 2994 esse
710 2959 898 2994 liberatam
928 2959 1254 3003 („Supplementum
1281 2959 1464 2992 Historiae
1493 2958 1638 2999 Colleyizt
1668 2953 1929 2990 Lucernenszfs“

167 3023 259 3046 anno
288 3013 377 3047 1636
405 3012 455 3057 [ni
480 3012 600 3057 fallor]
626 3012 800 3058 seriptum
827 3014 863 3046 et
888 3013 1036 3046 Romam
1064 3012 1108 3045 ad
1134 3012 1377 3056 praepositum
1403 3009 1593 3045 Societatis
1619 3009 1699 3043 iesu
1726 3007 1931 3052 generalem

167 3065 327 3107 missum,
355 3065 399 3100 ad
425 3077 455 3100 a.
485 3066 605 3109 1618).
644 3066 697 3100 Ac
724 3065 858 3100 Canisii
885 3065 1038 3110 epistula
1065 3065 1241 3108 quaedam
1267 3064 1375 3098 etiam
1401 3063 1566 3107 Friburgi
1592 3061 1841 3096 Helvetiorum
1866 3060 1930 3093 im-

167 3118 285 3162 posita
311 3121 367 3153 est
391 3118 500 3164 capiti
526 3118 756 3153 Elisabethae
782 3118 1012 3152 Vonderweit
1037 3118 1158 3152 morbo
1184 3117 1366 3152 mortifero
1392 3116 1606 3158 laborantis,
1642 3126 1683 3149 ac
1719 3113 1823 3159 paulo
1850 3115 1932 3158 post

166 3170 261 3204 idem
286 3171 432 3206 morbus
459 3171 591 3206 031115ίί
618 3172 873 3206 intercessione
898 3172 1016 3206 subito
1051 3171 1282 3216 perfecteque
1317 3172 1467 3205 sanatus
1503 3171 1558 3203 est
1570 3182 1577 3210 ;
1613 3167 1706 3213 quod
1740 3177 1849 3201 unum
1885 3177 1931 3199 ex
