2113 3430
513 0 723 36 Μᾳᾲῆῖ
767 0 867 37 *³⁶:⁸³¹ss
875 0 881 12 ¹
896 22 902 30 A
912 0 1020 29 ΜΕ
1058 0 1098 25 Li
1121 12 1143 24 ’,ᾱ
1154 4 1185 24 Γ.
1198 11 1228 23 a».
1237 5 1269 22 :b
1280 0 1304 22 Ξ.

583 80 643 115 (wf-
661 77 685 101 ε·
703 78 732 95 *-
773 85 789 89 -’
807 76 830 104 :⁷
848 73 878 100 *t
915 70 1059 116 4122„
1092 66 1248 105 &2553

402 182 434 216 2.
468 181 522 216 De
549 180 683 215 Canisii
708 180 873 226 epistulis
898 181 935 214 et
960 179 1003 214 de
1028 179 1165 213 ratione
1190 178 1227 212 in
1251 178 1295 213 iis
1322 177 1469 212 edendis
1494 179 1651 212 servata.
1773 191 1908 219 XXVII

149 300 199 338 ad
226 298 508 349 praecedentes
537 297 726 347 epistulas
756 296 923 343 Canisii;
962 296 1105 334 iudicia
1143 309 1293 345 quoque
1323 294 1471 333 Canisii
1501 294 1756 343 epistularum
1784 293 1911 331 instar

148 358 398 408 utplurimum
428 356 546 395 certis
574 356 794 394 hominibus
824 356 1021 394 destinata
1041 359 1142 393 sunt.
1190 354 1237 392 In
1265 354 1481 404 posteriore
1512 357 1641 391 autem
1671 352 1911 401 singulorum

148 417 388 455 voluminum
407 419 520 466 parte
546 419 863 463 „monumenta
884 415 1154 453 canisiana“
1180 413 1487 458 collocabuntur,
1509 412 1592 450 sive
1613 425 1659 449 ea
1678 412 1910 457 referentur,

149 489 248 525 quae
277 475 345 513 alii
377 476 423 513 de
455 474 611 513 Canisio
652 475 915 524 scripserunt,
954 486 1128 523 quaeque
1159 472 1306 511 Canisii
1342 471 1466 521 ipsius
1504 471 1625 508 vitam
1655 474 1693 508 et
1722 471 1912 520 epistulas

148 535 347 573 illustrare
375 537 552 584 possunt.
604 534 667 571 Ad
695 533 884 571 historiae
914 536 1044 570 autem
1071 531 1394 582 perspicuitatem
1423 533 1462 567 et
1489 530 1678 567 lectorum
1709 528 1911 567 commodi-

148 597 270 632 tatem
298 593 424 641 magis
455 593 685 631 collaturum
706 605 793 630 esse
814 592 1031 637 videbatur,
1062 591 1096 628 si
1116 592 1366 628 monumenta
1387 589 1484 626 haec
1504 588 1669 638 primum
1688 588 1912 637 praecipuis

149 652 258 699 locis,
289 652 427 701 quibus
449 651 630 690 Canisius
659 654 833 689 moratus
863 654 935 697 est,
967 653 1005 688 et
1034 649 1172 687 deinde
1191 651 1321 693 rebus,
1351 661 1450 697 quae
1471 647 1636 695 singulis
1656 647 1753 684 locis
1774 647 1912 695 gessit,

151 711 420 760 digererentur
448 712 499 758 (v.
529 724 586 759 g.:
625 713 876 748 monumenta
913 709 1173 754 coloniensia,
1215 706 1541 756 ingolstadiensia
1579 709 1674 751 etc.;
1716 705 1757 742 in
1790 705 1913 753 ingol-

149 770 435 809 stadiensibus:
465 773 715 807 monumenta
744 782 842 818 quae
872 772 1054 818 spectant
1073 768 1122 805 ad
1143 766 1289 806 Canisii
1308 765 1531 804 missionem
1552 768 1590 802 et
1611 765 1833 810 adventum,
1864 764 1913 801 ad

151 829 234 867 eius
264 829 420 867 scholas
450 832 489 867 et
517 829 623 867 vitae
661 828 861 878 exempla,
900 828 949 865 ad
985 840 1125 864 munus
1162 825 1327 864 rectoris
1367 827 1414 862 ab
1448 838 1492 862 eo
1531 827 1685 872 gestum
1723 823 1834 869 etc),
1875 826 1915 860 et

152 888 289 926 deinde
319 888 559 937 singulorum
587 888 740 925 illorum
770 887 940 936 capitum
968 899 1032 924 res
1061 885 1300 935 temporibus
1321 883 1595 921 dividerentur.
1634 882 1681 919 In
1711 882 1914 919 adnota-

150 947 384 985 tionibus
415 960 564 996 quoque
592 946 890 992 historicis,
930 958 1028 994 quae
1065 948 1156 994 post
1202 943 1466 991 „criticas“
1509 942 1593 980 sive
1622 954 1686 978 res
1725 954 1914 989 gramma-

149 1006 250 1044 ticas
280 1010 353 1045 etc.
383 1008 630 1055 spectantes,
669 1004 834 1053 singulis
864 1004 1042 1054 epistulis
1072 1003 1330 1049 sufficientur,
1368 1001 1473 1039 haud
1501 1013 1650 1051 paucae
1680 1000 1914 1049 scriptorum

149 1065 367 1115 particulae
397 1079 447 1103 ex
476 1064 674 1103 codicibus
713 1063 876 1112 aliisque
914 1063 1087 1101 fontibus
1125 1063 1296 1100 nondum
1335 1061 1449 1099 editis
1476 1060 1540 1098 vel
1576 1059 1791 1097 rarioribus
1828 1072 1914 1108 pro-

153 1125 339 1163 ferentur.

273 1193 448 1232 Sicubi
472 1193 620 1242 igitur
640 1192 837 1240 signum
854 1191 953 1228 *in
982 1190 1417 1229 adnotationibus
1439 1194 1486 1228 et
1506 1188 1916 1239 explicationibus

154 1252 492 1303 comparebit,
529 1251 790 1289 indicabit
827 1250 1076 1288 editorem
1116 1250 1261 1288 fonte
1302 1250 1377 1287 uti
1407 1249 1550 1298 (quod
1578 1249 1688 1298 ipse
1718 1247 1916 1297 quidem

154 1326 172 1351 s
185 1326 204 1350 c
215 1313 228 1350 i
240 1326 263 1350 a
273 1314 304 1359 t)
342 1325 368 1349 n
380 1325 401 1349 0
412 1325 437 1349 n
450 1311 473 1348 d
483 1324 508 1348 u
518 1324 555 1348 m
595 1323 615 1348 e
627 1310 700 1347 dit
712 1323 755 1355 o;
793 1309 834 1347 in
872 1309 1189 1347 adnotationibus
1203 1339 1211 1355 ,
1251 1309 1335 1346 dico
1349 1339 1357 1355 ,
1397 1308 1435 1345 id
1464 1308 1551 1353 fiet;
1593 1321 1684 1345 nam
1711 1307 1808 1356 ipsis
1838 1306 1916 1356 epi-

154 1371 267 1410 stulis
297 1370 443 1409 Canisii
452 1400 460 1416 ‚
499 1370 564 1407 vel
593 1370 641 1407 ad
671 1382 755 1407 eum
787 1368 888 1406 datis
902 1399 910 1414 ,
949 1369 1013 1406 vel
1056 1368 1338 1414 „monumentis
1377 1367 1613 1405 canisianis“
1656 1367 1731 1404 hoc
1763 1365 1917 1414 signum

152 1443 360 1479 numquam
388 1432 606 1479 apponetur
617 1443 624 1471 ;
656 1428 690 1466 si
718 1428 818 1477 quod
848 1427 950 1465 enim
976 1427 1196 1465 huiusmodi
1216 1427 1403 1476 scriptum
1423 1439 1526 1463 nunc
1546 1426 1712 1475 prinum
1730 1425 1772 1462 in
1790 1425 1917 1462 lucem

152 1489 353 1535 emittitur,
382 1488 423 1526 id
448 1501 499 1526 ex
516 1488 591 1525 hoc
610 1487 696 1537 ipso
716 1486 892 1535 intellegi
912 1487 1069 1536 poterit,
1100 1486 1200 1535 quod
1230 1490 1319 1535 post
1339 1486 1558 1535 exemplum
1577 1497 1695 1522 manu
1716 1484 1917 1533 scriptum,

154 1561 204 1586 ex
233 1561 306 1597 quo
336 1547 444 1597 typis
472 1546 762 1593 transcribitur,
803 1546 902 1584 liber
930 1559 1008 1583 non
1036 1545 1244 1591 indicatur,
1275 1558 1348 1594 quo
1378 1545 1456 1582 iam
1484 1547 1608 1582 totum
1636 1544 1700 1581 vel
1729 1556 1779 1581 ex
1804 1546 1918 1592 parte

153 1608 357 1656 vulgatum
386 1607 449 1645 sit.

271 1677 481 1715 Abundare
509 1676 571 1714 his
599 1676 639 1714 in
667 1677 784 1713 rebus
812 1675 939 1724 magis
968 1676 1099 1725 placet
1126 1688 1240 1724 quam
1268 1674 1486 1724 parciorem
1520 1686 1619 1711 esse.
1676 1672 1786 1717 Quod
1816 1672 1919 1710 enim

152 1736 220 1775 uni
248 1750 326 1775 non
349 1737 463 1786 sapit,
494 1735 608 1774 alteri
626 1735 796 1773 fortasse
817 1735 972 1772 arridet.
1013 1734 1111 1772 Sunt
1130 1734 1264 1780 multa,
1295 1747 1392 1782 quae
1414 1733 1462 1770 ad
1483 1732 1744 1770 universalem
1765 1731 1919 1780 quidem

153 1795 359 1834 historiam
378 1808 456 1833 non
477 1794 657 1840 attinent,
680 1795 749 1832 sed
767 1794 903 1832 valent
924 1794 972 1831 ad
994 1793 1133 1831 melius
1154 1792 1465 1841 cognoscendam
1483 1791 1688 1829 historiam
1709 1790 1921 1839 singularis

155 1855 320 1893 alicuius
341 1854 459 1901 urbis,
482 1854 652 1900 scholae,
676 1853 785 1899 artis,
811 1852 956 1890 ordinis
976 1852 1161 1901 religiosi.
1201 1852 1481 1889 Verumtamen
1506 1854 1620 1898 „sunt
1640 1850 1738 1888 certi
1757 1850 1921 1898 denique

155 1915 300 1960 fines“;
330 1913 494 1963 ideoque
522 1912 563 1951 in
590 1913 666 1951 hoc
693 1913 805 1958 libro,
835 1925 932 1961 quas
962 1911 1143 1950 Canisius
1165 1911 1281 1957 dedit,
1313 1910 1516 1960 epistulae,
1547 1923 1633 1947 cum
1655 1909 1784 1959 operis
1804 1909 1920 1946 huius

154 1973 406 2023 praecipuam
418 1976 571 2022 partem
586 1972 839 2017 constituant,
861 1971 1078 2020 generatim
1092 1974 1358 2020 proponentur
1372 1970 1561 2017 integrae,
1578 1969 1685 2006 nulla
1699 1981 1741 2006 re
1755 1972 1919 2014 mutata,

155 2033 262 2070 nulla
291 2033 485 2081 decerpta.
530 2031 660 2069 Aliter
686 2044 780 2069 vero
810 2030 856 2068 de
884 2030 1027 2068 litteris
1056 2030 1124 2067 fiet
1153 2030 1202 2067 ad
1225 2029 1424 2067 Ganisium
1452 2028 1594 2066 missis.
1636 2028 1698 2065 Ex
1726 2027 1774 2065 iis
1804 2027 1919 2073 enim,

157 2104 254 2141 quae
282 2090 498 2141 praepositi
535 2090 739 2139 generales
769 2090 817 2128 ad
847 2102 933 2127 eum
963 2089 1172 2135 dederunt,
1210 2089 1357 2126 multae
1387 2087 1592 2125 admodum
1620 2086 1799 2136 prolixae
1829 2089 1921 2124 sunt

156 2151 355 2199 multaque
384 2150 598 2195 continent,
629 2162 726 2198 quae
756 2148 870 2186 hodie
899 2149 983 2186 fere
1011 2148 1156 2185 nullius
1184 2147 1263 2185 iam
1292 2150 1383 2185 sunt
1410 2146 1606 2192 momenti,
1638 2159 1669 2184 e.
1693 2159 1728 2194 g.
1757 2146 1921 2183 fratrem

157 2209 323 2259 aliquem
350 2209 493 2246 laicum
523 2208 732 2246 Societatis
761 2209 852 2246 Iesu
882 2221 931 2246 ex
961 2207 1091 2245 culina
1125 2207 1239 2245 unius
1279 2206 1434 2255 collegii
1470 2206 1511 2243 in
1550 2205 1719 2243 culinam
1759 2204 1921 2242 alterius

154 2269 292 2307 domus
320 2268 636 2306 transferendum
665 2280 774 2313 esse,
813 2267 877 2304 vel
915 2280 1055 2305 aureos
1094 2267 1262 2316 aliquot,
1302 2265 1367 2315 qui
1395 2266 1542 2303 Romae
1573 2264 1686 2302 Socio
1725 2263 1843 2301 alicui
1880 2264 1921 2301 in

158 2327 406 2366 Germaniam
434 2327 659 2377 profecturo
688 2325 825 2364 viatici
853 2326 939 2364 loco
978 2326 1059 2363 dati
1098 2325 1199 2371 sint,
1238 2325 1313 2363 hac
1351 2324 1415 2363 vel
1452 2324 1521 2362 illa
1558 2323 1710 2361 ratione
1747 2323 1922 2361 romanis

157 2387 282 2425 Sociis
319 2386 476 2425 restitui
511 2399 640 2436 posse.
696 2386 846 2423 Harum
884 2385 1004 2434 igitur
1043 2385 1231 2434 quaedam
1272 2384 1450 2433 integrae
1491 2386 1708 2432 ponuntur;
1751 2382 1791 2419 in
1832 2382 1922 2419 aliis

157 2447 298 2495 aliqua,
328 2445 483 2495 punctis
514 2444 728 2495 appositis,
757 2444 1036 2494 praeciduntur
1055 2447 1086 2490 ¹;
1130 2444 1284 2492 aliquae
1312 2443 1353 2480 111
1389 2442 1591 2491 „regesta“
1626 2441 1922 2480 contrahuntur.

156 2505 188 2543 E
223 2504 525 2552 „monumentis“
567 2505 636 2542 illa
664 2507 861 2553 ponuntur
897 2503 1073 2552 integra,
1116 2516 1214 2552 quae
1254 2515 1375 2551 usque
1414 2502 1540 2538 adhuc
1579 2500 1684 2550 typis
1724 2500 1922 2549 descripta

157 2576 236 2601 non
272 2566 382 2609 sunt3
423 2566 578 2610 cetera,
619 2576 668 2601 ne
706 2562 821 2600 huius
861 2562 989 2612 operis
1028 2561 1196 2612 pretium
1234 2564 1272 2598 et
1310 2560 1508 2599 volumina
1544 2559 1659 2597 nimis
1689 2563 1920 2608 augeantur,

156 2621 198 2659 in
230 2622 449 2669 „regesta“,
486 2635 564 2659 una
591 2624 744 2659 tantum
773 2622 947 2659 alterave
987 2620 1185 2659 sententia
1223 2620 1272 2658 ad
1308 2620 1470 2657 verbum
1507 2618 1728 2668 proposita,
1769 2621 1921 2655 contra-

157 2682 319 2726 huntur,
357 2679 433 2718 nisi
470 2680 652 2729 specialis
690 2680 792 2718 ratio
834 2679 938 2717 aliud
977 2679 1160 2725 suadeat,
1199 2692 1235 2717 v.
1265 2691 1300 2727 g.
1340 2678 1440 2727 quod
1477 2680 1768 2715 monumentum
1805 2677 1921 2715 valde

158 2753 279 2789 grave
307 2739 371 2777 vel
400 2739 642 2788 splendidum
671 2739 742 2785 sit,
784 2739 848 2776 vel
877 2739 979 2788 quod
1007 2742 1160 2776 tantum
1189 2738 1229 2775 111
1258 2738 1356 2775 libro
1387 2737 1500 2774 valde
1528 2750 1617 2774 raro
1645 2737 1710 2774 vel
1748 2749 1826 2774 non
1864 2736 1921 2773 in-

157 2803 268 2847 tegre
296 2798 360 2836 vel
389 2801 451 2835 sat
479 2797 663 2835 mendose
693 2797 838 2835 editum
867 2797 928 2836 sit.

278 2864 426 2903 Cuncta
445 2877 572 2913 porro,
603 2867 789 2912 quantum
808 2863 893 2901 fieri
913 2867 1055 2912 potest,
1077 2876 1123 2901 ea
1142 2863 1277 2911 lingua
1296 2864 1578 2912 proponuntur,
1599 2861 1640 2899 in
1660 2875 1735 2911 qua
1755 2860 1921 2910 primum

160 2924 307 2974 scripta
336 2927 445 2969 sunt3
484 2923 533 2960 iis
563 2926 713 2968 autem,
753 2935 850 2971 quae
880 2922 1004 2959 latina
1033 2935 1109 2960 non
1139 2925 1251 2965 sunt,
1290 2921 1457 2958 latina
1494 2921 1667 2959 versio
1706 2919 1921 2958 minoribus

282 3110 292 3130 ¹
317 3109 488 3143 Attamen
513 3108 667 3153 exempli
693 3107 886 3153 praebendi
912 3118 1020 3141 causa
1046 3106 1247 3151 complures
1273 3104 1402 3139 saltem
1428 3103 1535 3138 huius
1566 3104 1710 3147 generis
1746 3103 1921 3149 epistulae

160 3163 323 3206 integrae
348 3164 599 3207 proponentur.
652 3161 759 3205 Signo
784 3181 830 3184 —
855 3181 902 3185 —-
928 3163 1083 3202 notatur,
1110 3160 1145 3194 in
1172 3160 1248 3205 ipso
1275 3159 1373 3193 fonte
1399 3158 1532 3202 aliquid
1560 3157 1694 3191 deesse.
