2113 3430
558 184 714 219 ]Ionum.
744 184 982 229 (viennensia)
1012 185 1066 219 91.
1097 184 1144 228 (6.
1171 183 1327 218 Ianuarii
1354 183 1471 227 1553.)
1813 185 1895 226 743

142 301 288 335 senatus
313 299 528 334 Viennensis
553 300 697 344 rogavit
722 302 758 334 et
783 300 948 334 exoravit
973 311 1036 345 per
1062 299 1243 334 consulem
1270 311 1374 334 suum
1399 302 1440 333 ut
1465 299 1500 333 in
1527 298 1594 333 alio
1620 298 1765 343 templo,
1804 297 1897 342 quod

140 354 176 387 in
200 354 277 386 tota
302 351 448 386 civitate
474 352 560 386 mihi
586 353 729 387 videtur
754 364 833 387 esse
858 355 939 398 post
964 352 1169 387 cathedrale
1195 352 1268 387 divi
1295 352 1465 397 Stephani
1501 351 1825 386 commodissimum
1861 352 1898 384 et

141 404 438 450 pulcherrimum,
477 406 548 439 iam
587 406 754 450 deinceps
789 405 1017 440 concionetur
1033 407 1054 440 ¹.
1104 406 1170 440 Die
1204 408 1328 440 sancto
1354 405 1495 439 Natalis
1522 404 1654 439 Christi
1690 415 1769 438 cum
1804 404 1898 438 idem

141 459 249 492 Pater
283 458 347 492 vix
381 460 464 492 ante
499 459 615 493 lucem
650 458 891 493 sacrificasset
930 459 981 503 (111
1017 470 1086 503 quo
1120 470 1222 493 sacro
1257 458 1390 492 multos
1428 458 1551 492 habuit
1596 457 1898 492 communicantes

140 511 328 554 utriusque
354 522 463 545 sexus
489 512 678 555 homines),
705 512 826 546 statim
853 523 1019 555 egressus
1046 523 1064 545 e
1089 512 1222 556 templo
1249 522 1391 545 currum
1416 512 1666 555 expectantem
1685 510 1832 551 invenit,
1859 511 1897 543 ut

140 564 176 598 in
210 575 342 608 pagum
376 564 565 608 quemdam
600 566 636 598 et
669 564 743 599 illic
777 564 1045 599 sacrificaturus
1080 567 1115 598 et
1151 564 1424 598 concionaturus
1458 575 1537 598 sese
1572 564 1760 597 conferret.
1809 562 1898 597 Cum

140 617 233 651 enim
258 616 382 651 multis
408 617 536 651 abhinc
561 617 742 652 mensibus
767 617 904 651 nullum
930 617 1004 651 illic
1030 617 1216 651 Pastorem
1241 617 1451 651 habuissent
1462 617 1484 658 2,
1512 616 1614 650 enixe
1632 617 1805 659 rogarunt
1822 617 1862 649 ut
1879 626 1898 649 e

139 670 273 704 nostris
299 669 453 713 aliquem
479 682 542 715 per
560 670 753 704 Natalitias
773 670 905 704 Christi
931 670 1039 704 ferias
1065 670 1142 704 loco
1161 670 1322 704 Pastoris
1344 670 1527 704 haberent.
1563 669 1638 711 Quo
1658 669 1692 702 in
1711 669 1786 702 loco
1805 668 1898 702 laete

141 723 284 767 quidem
303 725 473 768 acceptus
492 726 528 757 et
545 725 706 757 retentus
725 725 780 757 est
798 724 916 764 Pater,
944 734 1183 767 magnamque
1201 723 1268 757 sibi
1287 734 1439 757 messem
1459 722 1641 766 comperit,
1667 723 1744 755 tum
1762 721 1797 754 in
1815 720 1898 754 visi-

138 776 258 810 tandis
284 778 320 810 et
346 776 570 810 consolandis
595 776 746 811 infirmis
771 776 937 820 (quorum
956 776 1064 810 etiam
1082 776 1323 810 confessiones
1341 775 1474 816 audire,
1501 778 1537 808 et
1554 774 1691 808 animas
1710 773 1896 808 Dominico

141 840 288 874 corpore
314 829 532 863 communire
557 829 728 873 curavit),
754 829 884 874 partim
910 830 946 863 in
964 829 1122 863 docenda
1139 829 1337 869 iuventute,
1364 839 1470 872 quam
1488 828 1524 862 in
1541 827 1674 872 templo
1694 826 1898 870 collegerat,

140 886 176 917 et
201 883 237 917 in
263 882 492 916 admonendis
518 882 589 916 illis
615 882 778 923 rusticis,
815 894 902 926 quos
929 883 1095 916 concione
1121 882 1328 926 quotidiana
1353 882 1397 915 ad
1422 881 1593 926 pietatem
1629 879 1896 914 exhortabatur.

140 936 330 978 Ingressus
357 936 499 969 domum
526 935 726 979 quamdam,
752 935 887 980 reperit
911 935 959 969 ibi
985 947 1116 976 senem,
1143 946 1184 969 ac
1202 946 1348 980 prorsus
1367 934 1586 979 decrepitum
1604 932 1896 976 nonagenarium,

141 989 201 1033 qui
228 991 264 1023 et
289 988 485 1034 lachrymis
511 991 546 1022 et
571 988 733 1032 gestibus
760 988 966 1022 declarabat
990 988 1080 1022 satis
1099 999 1204 1032 quam
1225 989 1326 1032 grata
1343 988 1411 1022 sibi
1434 989 1531 1021 esset
1547 986 1667 1021 Patris
1685 985 1898 1031 praesentia,

141 1043 184 1077 de
210 1042 312 1076 cuius
336 1053 444 1076 manu
470 1044 592 1086 posset
617 1052 757 1076 sacram
782 1041 950 1086 synaxim
975 1041 1167 1086 suscipere.
1217 1040 1362 1075 Diutius
1396 1040 1538 1084 quidem
1565 1039 1657 1080 illic,
1694 1050 1800 1083 quam
1825 1049 1898 1072 ma-

140 1107 225 1130 nere
251 1097 440 1136 statuerat,
467 1095 634 1129 detentus
660 1096 725 1129 est.
775 1094 909 1129 Abiens
936 1096 1066 1135 autem,
1093 1094 1156 1128 vix
1182 1105 1241 1128 eos
1268 1105 1493 1138 compescere
1518 1093 1644 1138 potuit,
1675 1095 1715 1126 ut
1741 1102 1899 1132 munera,

142 1160 232 1193 quae
251 1148 456 1188 offerebant,
475 1148 543 1182 sibi
560 1148 628 1192 ipsi
645 1148 859 1182 retinerent:
883 1147 1105 1192 multumque
1123 1147 1175 1182 illi
1192 1148 1431 1192 promiserunt
1449 1146 1690 1192 pecuniarum,
1709 1145 1739 1179 si
1757 1144 1900 1178 festivis

140 1202 256 1236 redire
283 1201 407 1235 diebus
432 1201 544 1235 vellet
569 1201 613 1235 ad
640 1201 929 1235 concionandum.
964 1200 1125 1235 Viennae
1151 1201 1194 1235 ab
1221 1200 1366 1234 afflictis
1393 1202 1429 1234 et
1454 1198 1652 1244 desperatis
1678 1199 1770 1233 idem
1792 1198 1901 1232 Pater

140 1256 211 1289 iam
229 1255 345 1300 coepit
364 1254 504 1288 visitari
518 1259 531 1273 ³
555 1256 591 1288 et
608 1254 787 1295 accersiri,
811 1254 904 1298 quod
922 1265 1070 1298 sparsus
1088 1254 1129 1288 de
1148 1265 1188 1288 eo
1206 1265 1326 1287 rumor
1343 1253 1518 1294 videatur,
1537 1263 1606 1296 quo
1624 1253 1729 1297 pacto
1755 1251 1899 1295 quibus-

142 1309 222 1342 dam
248 1307 478 1349 miserrimis,
506 1306 648 1341 Christo
674 1307 838 1348 favente,
874 1307 1093 1341 subvenerit.
1144 1306 1198 1340 Ex
1225 1306 1354 1350 quibus
1379 1317 1468 1348 una,
1506 1305 1618 1339 multo
1644 1305 1715 1339 iam
1740 1306 1900 1349 tempore

140 1361 365 1401 decumbens,
393 1371 533 1394 omnem
560 1371 644 1394 suae
671 1360 799 1394 salutis
825 1371 925 1405 spem
952 1360 1131 1400 amiserat,
1159 1362 1194 1393 et
1219 1371 1334 1404 neque
1361 1371 1381 1393 a
1406 1358 1553 1393 medicis
1579 1357 1713 1398 curari,
1739 1368 1854 1401 neque
1880 1368 1901 1390 a

140 1414 369 1449 confessariis
395 1413 672 1447 consolationem
698 1413 859 1458 accipere
885 1413 1002 1458 potuit
1016 1413 1040 1454 b,
1067 1413 1175 1456 quiac
1199 1424 1238 1447 se
1264 1425 1284 1447 a
1302 1412 1376 1446 Deo
1402 1412 1567 1446 relictam
1590 1411 1718 1451 aiebat,
1745 1409 1900 1453 magnis-

141 1479 209 1511 que
235 1466 350 1510 signis
376 1466 629 1511 comprobabat
645 1477 684 1500 se
702 1469 904 1511 correptam
922 1468 958 1500 et
975 1466 1158 1500 obsessam
1176 1477 1197 1500 a
1215 1466 1395 1506 daemone,
1421 1467 1462 1499 ut
1478 1467 1600 1498 noster
1618 1464 1725 1498 etiam
1742 1463 1901 1497 medicus

141 1521 183 1554 de
210 1520 271 1554 illa
296 1519 480 1554 iudicavit.
515 1519 608 1553 Hinc
632 1519 668 1552 in
693 1520 826 1553 terram
853 1530 960 1564 saepe
985 1519 1173 1563 prosterni,
1200 1521 1236 1552 et
1261 1518 1330 1552 huc
1355 1517 1442 1551 illuc
1459 1517 1635 1551 violenter
1652 1518 1755 1550 nocte
1774 1516 1900 1559 dieque

140 1573 291 1614 detrudi,
311 1572 495 1617 abripique
511 1572 716 1612 videbatur3
736 1571 948 1616 propalabat
961 1573 1082 1616 aperte
1096 1571 1312 1615 gravissima
1326 1569 1454 1615 prioris
1469 1570 1566 1604 vitae
1580 1571 1738 1614 peccata,
1757 1570 1901 1613 propter

141 1637 232 1671 quae
258 1626 351 1660 iuste
377 1637 415 1659 se
442 1625 666 1667 damnatam,
697 1624 834 1668 sequed
867 1625 1028 1658 daemoni
1054 1624 1223 1658 traditam
1250 1623 1492 1658 asseverabat.
1543 1622 1658 1664 Quare
1690 1633 1770 1656 cum
1797 1623 1900 1666 pater

141 1679 185 1713 ad
211 1679 308 1712 illam
337 1679 496 1712 venisset
525 1677 659 1721 (nullus
686 1678 778 1711 enim
798 1678 1040 1712 confessorum
1054 1682 1067 1697 θ
1090 1689 1211 1711 curam
1235 1676 1331 1711 illius
1348 1676 1478 1710 habere
1497 1675 1612 1709 voluit
1630 1675 1782 1720 amplius
1796 1672 1832 1718 f),
1860 1686 1900 1708 eo

141 1731 319 1777 permovit
344 1731 497 1776 primum
523 1731 778 1772 miserrimam,
805 1733 844 1764 ut
869 1730 1008 1774 integre
1034 1732 1183 1775 peccata
1207 1730 1318 1764 totius
1344 1730 1441 1764 vitae
1477 1728 1726 1768 confiteretur;
1763 1727 1900 1770 deinde,

141 1788 217 1819 tum
244 1785 472 1825 orationibus,
498 1786 574 1817 tum
601 1783 881 1818 adiurationibus
907 1785 943 1817 et
968 1783 1188 1824 exorcismis,
1223 1783 1275 1817 sic
1300 1782 1397 1817 vires
1423 1782 1615 1823 daemonis,
1654 1781 1752 1815 illam
1779 1792 1900 1825 corpo-

142 1838 267 1872 raliter
286 1837 493 1881 affligentis,
519 1836 701 1881 repressit,
728 1839 768 1871 ut
785 1837 856 1870 iam
875 1837 976 1871 domo
993 1836 1104 1871 libere
1121 1838 1237 1878 exeat,
1265 1837 1301 1870 et
1318 1836 1476 1880 quotidie
1494 1834 1558 1869 Dei
1576 1834 1748 1879 templum
1767 1833 1900 1875 visitet,

142 1894 250 1935 atque
276 1890 328 1924 uti
346 1902 434 1924 sana
453 1889 546 1924 domi
563 1901 649 1923 suae
667 1889 815 1931 laboret,
842 1892 878 1924 et
895 1889 1047 1933 singulis
1065 1889 1246 1923 mensibus
1264 1888 1513 1923 Eucharistiae
1531 1887 1777 1928 communicet,
1804 1897 1900 1930 mag-

142 1955 296 1987 namque
310 1943 421 1978 totius
435 1943 532 1976 vitae
547 1943 780 1977 mutationem
795 1942 935 1977 cunctis
949 1942 1118 1977 exhibere
1132 1942 1258 1987 possit.
1277 1941 1374 1984 Quae
1388 1953 1445 1975 res
1460 1941 1548 1975 nihil
1562 1940 1691 1974 mirum
1706 1940 1735 1974 si
1750 1950 1901 1983 magnae

143 1998 190 2031 sit
215 1996 338 2031 multis
365 1995 613 2037 aedificationi,
641 1998 681 2030 ut
706 2007 746 2030 eo
772 1995 892 2041 plures
919 1996 1026 2030 etiam
1051 1997 1236 2030 matronae
1260 2007 1355 2029 nunc
1380 1994 1529 2028 veniant
1546 1994 1786 2028 confessurae.
1826 1992 1902 2026 Hoc

143 2062 229 2084 vero
252 2060 442 2094 possumus
461 2043 652 2089 affirmare,
680 2048 870 2083 Societatis
892 2051 1036 2083 nostrae
1061 2048 1266 2083 institutum
1292 2047 1407 2092 magis
1434 2047 1620 2091 magisque
1645 2058 1739 2081 nunc
1764 2047 1800 2080 in
1827 2046 1902 2080 dies

143 2103 378 2137 inclarescere
405 2104 440 2136 et
465 2104 505 2136 ut
530 2113 711 2146 nunquam
738 2104 854 2144 antea,
881 2102 1011 2136 bonum
1038 2102 1080 2136 de
1105 2101 1239 2136 nostris
1265 2102 1408 2136 odorem
1434 2101 1469 2135 in
1497 2100 1639 2135 Christo
1664 2099 1901 2144 undequaque

143 2155 285 2200 spargi,
311 2157 351 2189 ut
376 2166 470 2189 nunc
496 2154 652 2188 sentiant
679 2155 821 2189 tandem
846 2167 916 2189 non
942 2166 1020 2189 esse
1046 2166 1120 2197 nos,
1147 2155 1200 2189 uti
1226 2155 1482 2189 existimabant
1507 2154 1625 2199 prius,
1653 2153 1776 2188 Gallos
1803 2153 1900 2186 dum-

143 2212 265 2250 taxat,
301 2208 360 2242 vel
387 2207 495 2242 Italos
521 2208 781 2252 Hispanosque.
831 2209 951 2252 Auget
986 2208 1081 2242 hunc
1114 2208 1234 2254 populi
1270 2208 1430 2242 favorem
1468 2207 1588 2248 nobis,
1625 2206 1716 2250 quod
1754 2216 1902 2239 munera

143 2263 350 2296 constanter
375 2273 395 2295 a
421 2261 522 2295 nobis
547 2261 695 2295 videant
719 2261 889 2303 refutari,
924 2273 1015 2306 quae
1049 2273 1136 2296 sane
1170 2273 1235 2296 nec
1269 2273 1349 2296 raro
1383 2272 1449 2295 nec
1484 2260 1615 2304 exigua
1649 2259 1708 2294 hic
1734 2258 1902 2293 Patribus

143 2315 391 2349 obtruduntur.
414 2342 420 2349 .
440 2342 446 2348 .
468 2342 474 2348 .
492 2315 504 2334 ³

259 2452 271 2466 ³
295 2447 349 2480 Ab
376 2446 523 2480 afflictis
549 2448 584 2480 et
610 2446 809 2491 desperatis
834 2445 943 2480 Pater
970 2446 1135 2481 Canisius
1161 2446 1250 2480 adiri
1277 2446 1348 2480 iam
1374 2445 1491 2490 coepit
1518 2445 1639 2478 Saveh.

261 2500 273 2519 ³¹
297 2501 458 2544 accipere
484 2510 642 2543 vnquam
668 2501 809 2544 poterat
835 2500 957 2534 δας-(τί).

259 2558 269 2571 ⁶
297 2551 412 2592 Quare
441 2552 561 2585 Sacch.
706 2550 720 2571 ‘³
744 2554 852 2596 atque
879 2553 1000 2586 Scwclc.

261 2610 272 2625 ⁶
297 2605 596 2639 confessariorum
624 2605 746 2639 Sao-ch.

262 2658 271 2678 s
297 2658 427 2692 habere
454 2657 524 2692 iam
550 2657 695 2692 volebat
720 2657 874 2702 amplius
901 2659 1023 2692 Sca-cle.

266 2793 273 2810 ¹
302 2789 467 2824 Canisius
493 2800 513 2823 a
539 2792 666 2823 senatu
692 2792 839 2833 rogatus
867 2801 911 2823 ex
938 2788 1089 2824 ecclesia
1115 2788 1338 2823 dominicana
1364 2788 1398 2822 in
1426 2787 1597 2832 templum
1625 2787 1657 2821 S.
1686 2786 1822 2821 Mariae
1858 2787 1901 2821 ad

143 2844 256 2888 ripam
291 2842 444 2877 transiit.
497 2842 550 2877 Cf.
587 2854 695 2887 supra
729 2854 762 2887 p.
789 2843 884 2876 421³
919 2845 955 2877 et
980 2843 1092 2884 infra,
1128 2854 1160 2887 p.
1190 2842 1267 2876 745.
1319 2841 1421 2875 Haud
1458 2843 1554 2875 recte
1581 2842 1778 2874 Polancus:
1816 2840 1902 2882 „Ro-

143 2897 242 2941 gavit
270 2908 348 2930 eum
377 2895 530 2929 Senatus
556 2894 769 2929 Viennensis
795 2907 858 2940 per
885 2895 1065 2930 consulem
1093 2906 1197 2929 suum
1232 2898 1271 2929 ut
1297 2895 1331 2928 in
1358 2894 1491 2939 templo
1519 2893 1558 2928 D.
1587 2893 1776 2939 Stephani,
1809 2894 1902 2938 quod

142 2952 223 2995 post
258 2948 462 2983 cathedrale
498 2948 821 2982 commodissimum
857 2951 953 2990 erat,
989 2948 1156 2992 deinceps
1191 2948 1478 2988 concionaretur,
1515 2947 1607 2991 quod
1634 2949 1669 2981 et
1698 2947 1898 2991 praestitit“

146 3003 183 3046 (l.
211 3014 240 3037 c.
267 3002 311 3043 ΙΙ,
338 3002 435 3044 574).
485 3001 606 3045 ipsum
631 3001 804 3046 templum
831 3001 872 3035 D.
901 3001 1071 3046 Stephani
1099 3000 1304 3034 cathedrale
1330 3001 1397 3034 fuit
1424 3002 1459 3034 et
1485 3003 1550 3034 est.

265 3055 276 3075 ²
304 3055 356 3088 Cf.
384 3065 492 3098 supra
519 3065 552 3099 p.
579 3054 659 3088 421.

263 3108 275 3128 ³
306 3107 475 3150 „Quidam
502 3106 667 3148 vitulum,
694 3107 754 3151 qui
781 3119 802 3142 a
822 3107 860 3141 P.
883 3107 1023 3142 Canisio
1050 3107 1226 3141 admissus
1253 3118 1321 3140 non
1348 3107 1476 3147 fuerat,
1504 3118 1565 3151 pro
1592 3106 1728 3140 foribus
1755 3106 1902 3151 projecit

144 3172 185 3195 ac
211 3161 378 3201 recessit3
409 3159 470 3194 sed
497 3171 578 3194 mox
606 3163 767 3194 curatum
795 3163 850 3194 est
875 3164 913 3194 ut
940 3161 1135 3195 conductus
1161 3159 1303 3204 bajulus
1329 3159 1372 3201 ei,
1399 3159 1457 3203 qui
1485 3159 1632 3194 miserat
1658 3160 1822 3200 vitulum,
1848 3171 1900 3193 re-
