2113 3430
218 204 301 244 648
365 202 444 236 212.
482 201 648 236 Canisius
675 204 710 236 et
736 201 913 236 Henricus
938 200 1144 236 Scribonius
1168 200 1391 235 Ferdinando
1417 202 1443 236 Ι.
1482 202 1606 237 Mense
1632 202 1721 237 lulio
1749 204 1850 238 1556.

217 319 435 370 uidemus,
480 318 522 360 in
564 319 811 373 prophanos
853 332 955 360 usus
997 318 1184 369 abeunt,
1231 322 1275 360 et
1315 318 1470 360 misere
1514 320 1674 374 passim
1720 320 1977 364 alienantur.

216 384 403 425 Tantum
445 397 585 438 pauca
624 398 647 426 e
679 383 826 426 multis
866 384 963 426 loca
1003 386 1048 426 et
1091 382 1306 425 domicilia
1337 383 1674 437 Religiosorum‚
1718 399 1829 439 quae
1868 400 1981 427 nunc

217 448 379 490 diserta
414 446 514 504 [sic]
549 451 680 502 atque
713 448 926 491 distracta
958 451 1081 499 sunt,
1124 450 1169 490 et
1201 447 1470 490 scholasticis
1511 449 1565 491 ad
1603 464 1727 492 usum
1759 449 1981 493 Ecclesiae

216 513 426 568 applicari
458 516 649 568 possent,
683 513 751 555 hic
783 513 976 556 breuiter
1007 513 1299 555 ostendemus,

333 578 477 620 Primo
530 581 597 621 est
642 578 956 621 Monasterium
1000 578 1043 620 in
1088 578 1266 620 ciuitate
1308 578 1470 620 Tustae
1517 592 1594 620 seu
1636 579 1679 621 in
1723 580 1979 629 Domailicz⁹

215 643 462 697 germanice
484 644 601 686 Tauz
634 646 795 686 uocant
811 645 839 694 1,
874 658 957 685 non
991 643 1054 686 ita
1085 643 1234 698 procul
1267 657 1293 685 a
1315 642 1455 684 Thina
1469 643 1498 693 2,
1533 644 1646 696 quod
1672 645 1980 687 monasterium

217 709 378 750 ordinis
401 711 468 751 est
491 709 815 751 Hei-emitarum
839 709 893 752 .S.
919 708 1166 763 Augustini,
1201 708 1366 762 aliquot
1388 707 1543 750 abhinc
1569 709 1693 750 annis
1726 709 1980 760 desolatum,

217 774 354 828 pratis
397 778 441 818 et
482 774 601 827 agris
642 775 864 826 dotatum,
907 777 952 817 et
993 788 1130 828 nuper
1171 773 1401 816 admodum
1440 787 1466 815 a
1498 772 1670 815 Ciuibus
1702 774 1864 817 Tustae
1901 775 1981 816 im-

216 842 437 894 petratum
470 840 524 881 ad
556 839 878 882 reuocationem
911 853 1047 894 usque
1082 840 1136 882 .S.
1171 839 1228 881 M.
1263 839 1314 881 V.

336 905 580 947 Secundum
612 905 926 947 Monasterium
959 907 1027 947 est
1059 904 1189 947 situm
1221 903 1265 945 in
1293 903 1480 946 Ciuitate
1513 903 1789 946 Tachouiae3
1821 904 1983 946 ordinis

218 970 548 1014 Carmelitarum
582 970 729 1013 multis
762 971 815 1012 ab
848 970 946 1012 hinc
979 969 1103 1012 annis
1135 969 1398 1019 desolatum,
1442 968 1574 1011 etiam
1606 983 1632 1010 a
1665 968 1836 1011 Ciuibus
1868 969 1982 1011 illius

218 1035 417 1078 Ciuitatis
449 1034 744 1090 impetratum.

338 1100 531 1142 Tertium
564 1100 879 1143 Monasterium
912 1100 1109 1142 Skalicze
1150 1114 1236 1141 11011
1269 1099 1419 1154 procul
1452 1113 1478 1141 a
1509 1098 1696 1142 Ciuitate
1728 1099 1937 1141 Kiirimen
1952 1099 1982 1149 4,

219 1166 379 1208 ordinis
403 1165 764 1219 Cystersiensium
799 1164 912 1220 [sic]
946 1165 1060 1219 quod
1093 1180 1118 1207 a
1150 1165 1268 1206 nullo
1302 1164 1435 1207 etiam
1457 1164 1676 1218 Religioso
1699 1163 1981 1214 inhabitatur,

219 1234 263 1274 et
295 1231 441 1273 Nobili
475 1231 644 1273 cuidam
678 1231 917 1273 elocatur5.

341 1296 552 1346 Quartum
575 1296 888 1338 Monasterium
917 1298 984 1338 est
1012 1295 1056 1337 in
1079 1295 1234 1350 oppido
1258 1295 1380 1337 Chiss
1396 1295 1424 1346 6,
1457 1294 1617 1336 ordinis
1640 1294 1984 1344 Carmelitarum,

220 1361 309 1404 suis
354 1361 485 1404 etiam
531 1361 741 1404 fratribus
786 1361 1068 1411 destitutum,
1118 1360 1231 1414 quod
1275 1374 1387 1402 nunc
1430 1363 1578 1402 manet
1621 1374 1754 1414 penes
1797 1359 1984 1414 pupillos

220 1427 392 1469 Domini
425 1442 451 1469 a
485 1427 776 1470 Guttenstein.

339 1491 544 1542 Quintum
578 1494 646 1533 est
676 1492 720 1533 in
751 1506 865 1547 pago
898 1490 1185 1533 Tenionicze7
1218 1490 1552 1541 Monasterium,
1594 1490 1778 1545 primum
1813 1489 1982 1543 quidem

222 1571 247 1599 a
287 1557 471 1599 Domino
515 1557 775 1599 Czizkonecz
816 1556 1046 1599 fundatum
1089 1570 1167 1610 pro
1210 1555 1465 1609 quibusdam
1506 1555 1715 1598 fratribus
1756 1554 1983 1608 religiosis,

222 1621 387 1665 Deinde
420 1636 523 1664 uero
557 1637 814 1664 conuersum
846 1622 889 1663 111
922 1636 1046 1663 usum
1077 1621 1207 1664 trium
1241 1624 1317 1664 aut
1349 1624 1535 1674 quatuor
1571 1620 1867 1671 sacerdotum,
1911 1620 1987 1661 sed

224 1688 337 1741 quod
370 1687 541 1729 nomine
574 1687 738 1730 tutelae
770 1701 883 1729 nunc
916 1701 941 1728 a
974 1686 1161 1740 quodam
1194 1688 1442 1740 occupatur.

341 1753 410 1795 Ex
443 1752 508 1795 his
541 1752 686 1806 aliqua
718 1752 936 1794 sufficient
968 1752 1023 1794 ad
1054 1751 1179 1793 unius
1221 1752 1289 1793 uel
1332 1751 1535 1802 duorum,
1578 1750 1664 1793 alia
1705 1751 1760 1792 ad
1800 1750 1985 1805 plurium

223 1818 601 1861 sustentationem.
655 1818 724 1860 Ita
755 1819 843 1869 fiet,
877 1820 925 1860 ut
958 1818 1013 1860 .S.
1038 1817 1088 1860 R.
1113 1816 1322 1859 Maiestas
1345 1817 1397 1859 V.
1431 1831 1516 1858 non
1548 1817 1687 1858 solum
1720 1816 1772 1858 de
1805 1815 1987 1869 collegio

223 1898 299 1926 suo
332 1883 469 1937 Regio
503 1886 712 1937 quantum
746 1883 799 1925 ad
831 1883 1100 1938 professores
1133 1882 1311 1933 attinet,
1346 1896 1495 1923 uerum
1528 1881 1658 1924 etiam
1692 1883 1901 1935 quantum
1933 1880 1986 1923 ad

224 1948 455 2003 discipulos
488 1951 532 1991 et
565 1948 787 1991 auditores
819 1949 1043 2003 praeclare
1074 1947 1245 1998 mereri,
1281 1950 1324 1989 et
1355 1950 1580 1990 aeternam
1602 1946 1668 1988 sui
1689 1946 1872 1988 nominis
1894 1946 1988 1999 glo-

225 2013 334 2055 riam
356 2013 399 2055 in
419 2014 588 2056 Christo
613 2016 657 2055 et
679 2013 876 2056 Ecclesia
894 2013 1096 2055 Boemica
1118 2012 1360 2066 relinquere
1383 2012 1533 2066 possit,
1557 2011 1794 2066 amputatis
1816 2011 1987 2053 interim

225 2078 442 2120 scandalis
475 2081 519 2120 et
551 2078 848 2120 occasionibus
882 2078 1177 2121 ecclesiastica
1208 2078 1322 2120 bona
1353 2077 1651 2132 prophanandi
1684 2079 1727 2118 et
1760 2075 1987 2118 alienandi.

345 2144 385 2186 S.
419 2144 469 2186 R.
506 2143 750 2187 Maiestatis
783 2144 834 2187 V.

880 2202 1078 2245 Humiles
1109 2201 1330 2244 sacellani.

1281 2266 1496 2308 Henricus
1527 2265 1806 2320 Praepositus

1291 2332 1512 2373 Ecclesiae
1545 2330 1789 2384 Pragensis.

1211 2397 1368 2439 Petrus
1401 2395 1593 2438 Canisius
1627 2396 1872 2449 Theologus

1297 2462 1348 2503 de
1381 2461 1591 2503 societate
1624 2460 1776 2503 JESV.

351 2557 359 2576 ¹
386 2555 488 2589 Nunc
507 2556 710 2599 germanice
733 2556 867 2598 „Taus“
893 2555 1039 2600 (Tauss)
1065 2557 1101 2589 et
1118 2554 1301 2589 bohemice
1325 2554 1577 2597 „Domailice“,
1605 2554 1772 2599 oppidum
1791 2552 1993 2594 Bohemiae‚

230 2609 264 2642 in
291 2609 435 2653 regione
461 2609 646 2654 pilsnensi.
792 2610 805 2630 ²
832 2608 1043 2644 Germanice
1069 2608 1193 2642 Thein.

351 2662 364 2682 ³
389 2663 599 2697 Germanice
625 2662 781 2704 Tachau,
809 2662 992 2697 bohemice
1018 2661 1237 2695 DrzewnOW.
1351 2662 1364 2680 ⁴
1392 2660 1599 2701 Curimium,
1624 2659 1807 2694 bohemice
1834 2659 1994 2693 Rani-im.

350 2717 362 2735 5
388 2716 646 2750 Monasterium
693 2715 839 2757 „Gratia
878 2716 917 2749 B.
957 2715 1092 2749 Mariae
1130 2715 1301 2757 virgi11is“
1350 2713 1492 2748 Scalicii
1537 2713 1736 2756 (bohemico
1779 2712 1893 2747 Scalie
1936 2711 1993 2745 vel

232 2768 384 2812 Scalice)
423 2781 514 2803 anno
553 2770 641 2802 1357
676 2769 857 2803 conditum
892 2770 979 2802 erat.
1030 2768 1083 2801 De
1118 2779 1187 2811 quo
1214 2769 1320 2811 Leop.
1352 2768 1580 2801 Janauschek
1606 2766 1647 2801 Ο.
1676 2766 1782 2807 Cist.,
1819 2765 1995 2809 Origenes

232 2822 490 2856 Cistercienses
517 2822 531 2855 1
561 2822 809 2865 (Vindobonae
837 2822 957 2865 1877),
984 2833 1017 2867 p.
1045 2821 1123 2861 272,
1150 2833 1184 2855 n.
1211 2821 1290 2854 709.

351 2875 364 2895 ⁶
390 2875 491 2909 Nunc
519 2875 682 2916 Chiesch,
709 2875 744 2908 in
770 2874 1025 2909 archidioecesi
1052 2874 1232 2919 pragensi.

352 2929 364 2947 ⁷
390 2929 557 2962 Fortasse
583 2928 780 2969 'l'enovice,
813 2928 1010 2969 Tienowic,
1045 2927 1105 2961 ubi
1132 2927 1282 2961 loannes
1309 2925 1473 2959 Hir-owec
1500 2937 1591 2959 anno
1619 2925 1710 2959 1520
1740 2922 1992 2958 monasterium

239 2980 407 3020 ‚fratrum
435 2981 679 3015 minimorum⁴⁴
714 2981 863 3024 (ordinis
882 2980 916 3014 S.
936 2980 1115 3014 Francisci
1135 2980 1178 3013 de
1202 2979 1331 3022 Paula)
1361 2978 1578 3012 condiderat.
1617 2977 1709 3012 Nam
1732 2975 1839 3010 Frind
1865 2974 1994 3009 asserit

235 3033 299 3066 hoc
324 3034 578 3068 monasterium
605 3034 671 3067 sub
690 3033 723 3067 id
742 3036 884 3078 tempus
910 3045 956 3067 ex
980 3033 1116 3067 invidia
1143 3032 1249 3072 illius,
1276 3031 1336 3076 qui
1364 3031 1556 3065 conditoris
1581 3033 1658 3064 erat
1680 3030 1795 3070 heres,
1820 3028 1994 3062 fratribus

235 3085 396 3119 orbatum
433 3086 543 3121 fuisse
571 3089 606 3120 et
632 3086 853 3120 Scribonium
880 3087 1103 3120 Ferdinando
1136 3085 1423 3125 commendasse,
1460 3086 1499 3118 ut
1525 3095 1569 3117 ex
1595 3084 1672 3117 eius
1706 3081 1807 3116 bonis
1842 3081 1995 3125 aliisque

235 3137 411 3171 similibus
437 3140 664 3173 seminarium
692 3140 900 3174 clericorum
927 3139 1185 3174 instituendum
1212 3140 1354 3172 curaret
1388 3137 1486 3180 (Ant.
1514 3137 1651 3179 Frind,
1687 3135 1753 3169 Die
1780 3134 1995 3169 Geschichte

237 3190 298 3223 der
326 3191 490 3224 bischofo
518 3193 585 3225 und
614 3193 843 3226 Erzbischiife
870 3205 938 3227 von
966 3192 1062 3235 Prag
1088 3191 1198 3236 [Prag
1226 3191 1342 3234 1873]‚
1370 3202 1401 3234 p.
1432 3189 1528 3232 180).
