2113 3430
827 175 857 210 7.
885 175 1040 218 Augusti
1068 174 1169 209 1552.
1791 173 1873 213 411

116 297 175 337 fin
206 294 307 348 aqui
336 295 394 336 ha
425 293 539 336 fatto
573 295 726 346 questo
758 291 897 334 uffitio
929 291 1001 345 poi
1034 291 1112 333 che
1144 291 1173 332 il
1195 291 1246 333 R.
1270 291 1317 333 P.
1342 290 1517 332 Claudio
1551 288 1633 341 (sia
1655 289 1699 330 in
1721 289 1877 343 gloria)

117 363 251 403 stette
298 362 423 402 tanto
469 358 675 412 impedito
723 357 793 399 nel
839 357 1015 410 leggere
1063 358 1107 398 et
1153 355 1391 410 pratticare
1440 369 1519 396 0011
1565 354 1596 396 11
1648 353 1877 396 forestieri.

117 427 159 467 3⁰
190 424 348 479 perche
379 437 465 465 non
495 423 694 465 hauendo
727 424 879 475 questo
902 421 1042 463 Padre
1068 420 1182 463 assai
1203 421 1369 463 talento
1392 433 1470 474 per
1491 419 1669 462 satisfar
1691 433 1716 461 a
1739 418 1880 472 questi

117 488 304 532 auditori
334 489 447 530 nelle
479 501 555 529 sue
587 487 770 538 lettioni‚
805 487 845 528 le
877 485 993 540 quali
1027 500 1132 527 sono
1164 485 1342 528 visitato
1373 485 1428 526 da
1449 483 1695 538 pochissimi
1710 485 1739 534 1,
1772 497 1880 537 para

118 555 195 596 che
227 553 366 596 sarria
397 567 475 607 per
505 552 705 606 maggior
736 552 896 601 frutto,
939 564 985 592 se
1017 564 1096 592 sua
1127 550 1178 592 R.
1213 552 1245 591 s’
1265 563 1498 604 occupasse
1530 549 1769 590 solamente
1802 562 1880 590 con

117 620 161 661 la
193 632 294 661 casa
306 619 336 668 2,
378 618 487 659 doue
519 632 604 659 non
636 631 682 659 se
714 620 842 659 troua
874 629 1082 665 nessuno,
1118 615 1194 656 che
1226 614 1291 657 sia
1324 614 1606 656 conueniente
1638 627 1716 667 per
1745 613 1881 655 1131161ἱ

117 685 181 727 131
213 683 380 726 faticha
412 697 459 725 se
490 697 575 724 non
609 696 688 724 con
719 681 858 734 grand
891 680 1033 722 danno
1067 680 1178 721 delle
1209 679 1381 722 lettioni
1414 682 1458 721 et
1479 678 1680 733 prediche
1704 679 1748 719 et
1770 678 1880 719 altre

119 748 393 803 occupationi
426 747 640 802 spirituali
681 747 792 788 oltre
830 746 873 787 la
906 744 1188 798 composition
1221 744 1334 786 della
1367 743 1559 786 dottrina
1591 742 1835 785 Christiana
1851 743 1879 783 3.

119 814 177 855 Et
210 815 364 867 questa
397 827 529 867 opera
559 813 619 853 fin
651 826 676 853 a
699 810 770 864 qui
793 825 819 852 a
840 824 908 851 me
935 809 990 851 da
1012 812 1138 851 tanta
1161 809 1325 852 faticha
1347 808 1522 863 (perche
1544 808 1680 862 pocho
1704 806 1880 860 adgiuto

119 879 260 921 danno
282 878 313 919 li
335 877 437 920 altri
458 877 606 928 Padri)
639 876 717 918 che
750 890 776 917 a
804 889 916 929 pena
947 874 1005 915 mi
1036 875 1164 916 basta
1195 877 1311 917 tutto
1343 874 1373 915 il
1404 876 1564 927 tempo.
1607 873 1882 915 Altramente

120 943 279 985 sicome
311 942 351 984 io
385 956 533 996 spesso
565 942 684 984 detto
709 938 806 994 [sete]
831 940 873 982 al
895 940 945 982 R.
969 939 1016 981 P.
1042 939 1231 988 Claudio,
1264 939 1304 980 io
1338 938 1513 980 hauerei
1546 952 1646 979 caro
1680 937 1719 978 d’
1739 950 1882 978 eccer-

120 1007 301 1051 citarme
323 1008 425 1049 nelli
446 1006 698 1060 monasterij
723 1005 776 1047 de
797 1004 1006 1054 moniche,
1030 1004 1146 1045 nella
1167 1004 1386 1058 pregione,
1410 1003 1513 1045 nelli
1533 1002 1737 1057 hospitali
1760 1005 1881 1051 etcc.‚

121 1087 167 1115 se
207 1087 293 1115 non
333 1086 401 1114 me
441 1074 663 1114 retenesse
705 1073 859 1124 questa
901 1082 1044 1124 opera.
1108 1069 1166 1111 Et
1207 1069 1318 1110 cossi
1355 1068 1414 1110 mi
1444 1082 1620 1122 respose
1652 1080 1822 1121 sempre
1854 1065 1883 1107 il

121 1138 322 1193 predetto
354 1137 515 1186 Padre,
559 1136 637 1178 che
668 1135 708 1177 io
740 1135 929 1177 lassasse
960 1135 1077 1176 tutto
1109 1133 1140 1175 il
1171 1137 1290 1176 resto
1324 1137 1368 1176 et
1398 1147 1467 1175 me
1500 1134 1623 1175 desse
1656 1146 1735 1174 con
1766 1133 1882 1174 tutto

122 1203 149 1244 il
183 1206 329 1257 tempo
362 1216 388 1244 a
421 1215 652 1255 componer
684 1202 837 1254 questa
870 1199 1025 1253 Opera.
1089 1199 1146 1241 Et
1178 1202 1326 1241 tamen
1358 1201 1457 1253 post
1487 1201 1556 1241 tot
1595 1211 1766 1239 menses
1808 1196 1884 1237 he-

125 1345 203 1379 dius
233 1345 309 1389 (qui
335 1345 383 1379 sit
408 1345 444 1378 in
469 1343 599 1388 gloria)
627 1343 784 1378 docendo
811 1344 847 1377 61
872 1341 1104 1385 transigendo
1131 1352 1211 1375 cum
1238 1341 1420 1374 extraneis
1447 1352 1467 1374 a
1485 1339 1743 1383 gubernatione
1762 1339 1886 1373 domus

125 1399 279 1433 multum
304 1398 584 1443 impediebatur;
612 1397 647 1431 3⁰
671 1396 754 1440 quia
779 1396 837 1430 hic
854 1398 958 1440 pater
976 1406 1054 1429 eam
1074 1394 1223 1429 docendi
1239 1406 1309 1428 non
1327 1393 1436 1428 habet
1452 1393 1673 1433 facultatem,
1701 1404 1771 1436 qua
1788 1391 1887 1425 hisce

125 1451 348 1486 auditoribus
373 1450 584 1485 satisfacere
610 1449 744 1495 possit,
783 1451 819 1483 et
843 1447 1051 1494 paucissimi
1078 1459 1156 1481 eum
1184 1447 1334 1481 audiunt
1351 1448 1371 1488 ¹,
1399 1446 1618 1480 commodius
1643 1446 1719 1479 fore
1744 1445 1888 1479 videtur

126 1516 207 1539 eum
232 1504 299 1539 soli
325 1504 444 1538 domui
468 1505 613 1537 nostrae
639 1514 761 1537 curam
786 1502 991 1547 impendere
1006 1501 1037 1541 2;
1072 1512 1188 1545 neque
1223 1501 1317 1534 enim
1342 1501 1379 1534 in
1405 1511 1447 1534 ea
1472 1500 1662 1544 quisquam
1688 1499 1781 1533 alius
1806 1509 1888 1532 eum

125 1557 284 1591 laborem
309 1557 488 1591 sustinere
513 1558 636 1601 posset
660 1556 729 1590 nisi
756 1567 835 1590 cum
861 1566 992 1598 magno
1018 1554 1231 1588 detrimento
1257 1553 1461 1588 scholarum
1488 1555 1523 1587 et
1550 1552 1754 1586 contionum
1780 1552 1888 1595 atque

126 1610 277 1644 aliarum
311 1610 584 1655 occupationum
617 1620 820 1650 sacrarum,
854 1610 895 1642 ut
928 1607 1017 1641 nihil
1052 1607 1167 1641 dicam
1202 1607 1244 1640 de
1280 1606 1462 1640 doctrinae
1497 1606 1715 1640 christianae
1750 1615 1888 1649 compo-

126 1663 255 1697 sitione
270 1664 293 1698 3.
344 1664 463 1707 Atque
497 1663 555 1697 hic
588 1662 689 1697 labor
724 1661 841 1696 adhuc
873 1673 987 1705 usque
1021 1662 1122 1695 tanto
1157 1659 1244 1694 mihi
1277 1662 1333 1694 est
1358 1660 1455 1693 oneri
1495 1659 1620 1703 (ceteri
1647 1658 1740 1692 enim
1766 1659 1888 1702 patres

127 1717 223 1750 haud
247 1716 401 1750 multum
426 1717 462 1750 in
489 1728 529 1750 eo
554 1727 611 1749 me
638 1714 840 1758 adiuvant),
866 1716 907 1748 ut
931 1717 1075 1759 tempus
1101 1725 1203 1748 omne
1220 1713 1283 1747 vix
1302 1712 1389 1746 mihi
1407 1713 1575 1747 sufficiat.
1611 1712 1777 1746 Ceterum
1796 1710 1889 1754 quod

127 1770 168 1804 R.
187 1769 226 1804 P.
247 1769 393 1803 Claudio
412 1780 518 1814 saepe
537 1769 621 1810 dixi,
648 1780 713 1812 ego
731 1767 958 1802 monasteriis
976 1768 1158 1810 virginum
1176 1778 1369 1807 sacrarum,
1388 1766 1570 1806 custodiis,
1588 1764 1801 1799 nosocomiis
1820 1766 1887 1797 etc.

126 1823 279 1857 libenter
304 1834 447 1867 operam
474 1822 649 1864 dicarem,
683 1821 752 1855 nisi
786 1821 853 1855 1100
886 1820 1006 1855 labore
1042 1820 1235 1854 cohiberer.
1287 1820 1405 1863 Atque
1440 1819 1507 1853 1100
1532 1830 1673 1863 semper
1698 1819 1801 1862 pater
1826 1816 1888 1850 ille

127 1876 215 1910 mihi
239 1876 478 1921 respondebat
503 1887 560 1909 me
585 1875 748 1909 omnibus
774 1874 853 1908 aliis
879 1874 986 1908 rebus
1011 1873 1188 1916 neglectis
1213 1873 1395 1915 integrum
1420 1875 1563 1917 tempus
1587 1871 1621 1905 in
1647 1871 1741 1905 hunc
1758 1871 1889 1905 librum

128 1929 421 1964 conscribendum
447 1929 652 1973 impendere
678 1927 817 1962 debere.
867 1927 914 1961 Et
938 1929 1060 1961 tamen
1094 1929 1175 1971 post
1209 1928 1264 1960 101
1297 1937 1440 1960 111611565
1474 1925 1663 1960 haeremus
1698 1924 1815 1958 adhuc
1853 1924 1887 1957 in

249 2043 259 2062 ¹
285 2041 440 2075 Lanoius
466 2041 500 2074 in
526 2039 764 2074 universitate
790 2038 977 2073 viennensi
1003 2038 1133 2073 librum
1167 2040 1335 2082 quartum
1371 2037 1637 2071 Sententiarum
1664 2036 1761 2070 Petri
1787 2035 1887 2070 Lom-

127 2094 228 2129 bardi
255 2094 478 2139 explicabat,
515 2093 607 2127 domi
639 2092 863 2126 dialecticam
890 2091 1002 2126 Sociis
1028 2092 1232 2136 exponebat
1260 2091 1435 2135 (Litterae
1460 2091 1733 2134 quadrimestres
1759 2089 1793 2130 Ι,
1819 2089 1887 2122 407

127 2149 172 2182 ad
197 2148 277 2183 408.
320 2149 497 2182 Polancus
522 2146 544 2180 l.
571 2158 600 2181 0.
628 2146 672 2187 ΙΙ,
698 2146 777 2180 269.
805 2146 902 2189 270).

247 2201 260 2222 2
290 2200 563 2243 „Convenerunt
589 2199 800 2233 Sacerdotes
826 2210 906 2232 cum
931 2198 1108 2241 Magistro
1135 2197 1242 2231 Petro
1268 2196 1474 2231 Schorichio
1490 2224 1497 2237 ,
1523 2196 1616 2240 quod
1643 2207 1687 2229 ex
1713 2194 1887 2239 antiquio-

125 2254 224 2288 ribus
250 2254 281 2287 is
307 2255 413 2294 esset,
441 2255 477 2287 et
502 2253 538 2286 in
565 2252 789 2297 Superiorem
816 2251 1003 2296 elegerunt
1027 2251 1066 2285 P.
1093 2251 1281 2285 Nicolaum
1306 2250 1502 2295 Lanoyum,
1529 2250 1640 2283 donec
1666 2248 1704 2282 P.
1725 2248 1888 2292 Ignatius

127 2307 260 2351 aliquid
287 2308 483 2347 statueret3
511 2306 571 2350 qui
596 2307 717 2339 tamen
743 2307 868 2350 postea
895 2304 1058 2338 eumdem
1075 2304 1264 2338 Rectorem
1290 2303 1348 2337 vel
1369 2302 1594 2337 confirmavit
1612 2302 1670 2336 vel
1688 2301 1888 2336 instituit“:

128 2362 303 2395 Polemone
327 2359 351 2394 l.
378 2371 406 2394 c.
434 2359 484 2400 Π,
517 2358 596 2393 572,
646 2358 752 2392 Falso
787 2358 946 2392 affirmat
980 2359 1191 2401 Pleilippson
1217 2356 1400 2391 Oanisium
1426 2368 1457 2390 a.
1488 2356 1576 2390 1552
1613 2355 1755 2398 collegii
1791 2355 1888 2389 vien-

127 2413 248 2447 nensis
274 2415 450 2448 rectorem
475 2412 589 2446 fuisse
619 2411 874 2456 (Westeuropa
900 2423 932 2456 p.
960 2410 1035 2455 47).
1075 2410 1241 2444 Canisius
1266 2421 1461 2453 numquam
1487 2409 1553 2443 hoc
1579 2408 1737 2442 officium
1762 2409 1889 2442 tenuit.

248 2467 260 2486 ³
286 2466 532 2500 Ferdinandus
566 2465 592 2499 I.
637 2464 911 2498 universitatem
947 2465 1180 2498 viennensem
1215 2465 1420 2497 restaurare
1458 2462 1690 2496 vehementer
1732 2462 1890 2506 cupiens,

129 2531 220 2553 anno
249 2519 336 2553 1551
365 2519 409 2553 ab
436 2519 559 2552 eadem
586 2517 793 2563 postulavit,
820 2519 861 2552 ut
887 2517 1083 2551 enchiridia
1109 2517 1283 2561 quaedam
1309 2517 1345 2550 in
1363 2527 1466 2550 usum
1485 2515 1779 2550 scholasticorum
1799 2526 1890 2549 com-

129 2572 290 2617 ponenda
326 2574 486 2606 curaret:
533 2571 808 2615 grammaticae,
853 2570 1068 2612 rhetorices,
1108 2570 1314 2604 dialectices
1349 2571 1456 2613 atque
1492 2568 1599 2602 etiam
1634 2568 1891 2602 catechismum

132 2626 227 2668 (,‚ein
263 2625 450 2668 gemeinen
484 2624 717 2659 christlichen
753 2623 1058 2667 Catechisnium“)
1098 2626 1134 2657 61
1172 2623 1401 2665 „Methodum
1439 2622 1620 2656 doctrinae
1659 2621 1891 2655 catholicae“.

128 2678 324 2713 Academia
348 2678 425 2721 regi
451 2677 646 2722 proposuit,
672 2679 713 2711 ut
737 2677 899 2711 doctrina
924 2677 986 2711 illa
1012 2676 1209 2711 christiana
1235 2687 1255 2710 a
1282 2675 1356 2709 Iaio
1374 2675 1677 2715 conscribe1·etur;
1705 2674 1797 2718 quod
1815 2675 1893 2717 regi

129 2731 285 2766 maxime
309 2731 456 2776 placuit.
507 2731 556 2764 At
580 2730 676 2764 laius
703 2731 734 2764 9.
762 2729 928 2764 Octobris
957 2730 1043 2764 1551
1074 2730 1212 2773 [gnatio
1239 2728 1385 2773 scripsit
1418 2740 1457 2762 se
1492 2739 1580 2772 opus
1614 2727 1702 2761 illud
1737 2739 1802 2761 nec
1840 2739 1892 2761 re-

129 2796 255 2819 cusare
281 2784 449 2825 voluisse,
476 2783 679 2818 inconsultu
704 2783 846 2827 Ignatii,
873 2795 938 2818 nec
965 2783 1000 2816 in
1025 2795 1063 2817 se
1087 2783 1280 2827 suscipere,
1308 2793 1387 2815 cum
1407 2793 1472 2815 nec
1489 2783 1632 2826 tempus
1658 2792 1723 2815 nec
1740 2780 1892 2815 materia

129 2838 197 2872 sibi
221 2839 448 2883 suppeteret;
476 2848 601 2880 rogare
628 2848 666 2870 se
693 2836 823 2880 igitur,
850 2839 890 2870 111
916 2836 1047 2880 aliquis
1073 2836 1297 2875 mitteretur,
1328 2834 1387 2878 qui
1414 2834 1465 2868 rei
1491 2845 1634 2879 operam
1661 2834 1745 2868 dare
1771 2836 1893 2879 posset

134 2892 337 2934 (Polcmczcs,
365 2889 564 2924 Chronicon
590 2889 633 2931 II,
661 2889 861 2923 275*276.
899 2890 1029 2922 Sebast.
1051 2890 1310 2931 Mz'tterdorffer
1337 2888 1370 2921 S.
1392 2888 1436 2928 J„
1464 2886 1685 2931 Conspectus
1711 2886 1892 2921 Historiae

130 2943 388 2979 Universitatis
405 2943 622 2977 Viennensis
640 2942 684 2976 ab
704 2942 806 2975 Anno
825 2940 1114 2976 MCCCQLXV.
1139 2952 1252 2984 usque
1271 2941 1315 2974 ad
1334 2941 1476 2974 Annum
1495 2939 1698 2975 M.D.LXV.
1718 2939 1892 2984 [Viennae

132 2996 237 3040 1724]
264 3009 295 3042 p.
326 2996 522 3031 181—182.
570 2997 662 3029 chd.
692 2996 811 3039 Kinlc‚
848 2994 1064 3029 Geschichte
1100 2994 1163 3028 der
1189 2993 1427 3028 kaiserlichen
1455 2993 1682 3028 Universitat
1717 3005 1759 3027 zu
1785 2993 1892 3027 lVien

131 3049 169 3084 1¹³
202 3049 323 3093 [Wien
351 3049 474 3093 1854]‚
504 3049 699 3083 161—162.
742 3050 877 3092 Rom-0,
915 3048 988 3082 laio
1023 3059 1056 3092 p.
1084 3047 1282 3082 202—205.
1325 3048 1488 3080 Editoris
1518 3046 1793 3089 „Katcchismen
1830 3046 1891 3080 des

132 3102 195 3137 sel.
224 3102 354 3137 Petrus
380 3102 562 3137 Oanisius“
594 3113 627 3146 p.
653 3102 800 3136 11-16,
836 3101 927 3135 Vide
953 3101 1072 3143 etiam,
1099 3111 1191 3145 quae
1217 3100 1309 3134 infra
1336 3100 1602 3134 adnotabuntur
1628 3100 1671 3134 ad
1699 3099 1889 3145 epistularu

136 3155 270 3190 Canisii
298 3156 351 3190 12.
380 3155 546 3190 Octobris
575 3155 664 3189 1553
691 3154 845 3189 Polanco
872 3154 1048 3198 missam).
