2113 3430
253 189 349 218 XLII

327 291 417 327 1550

255 395 494 433 1550et1551

328 502 418 537 1550

318 641 430 682 1550

329 714 420 750 1550

330 821 420 856 1550

330 875 421 909 1550

333 928 422 963 1550

334 1087 425 1122 1550

335 1195 423 1229 1551

335 1249 423 1282 1551

335 1302 423 1336 1551

335 1409 424 1443 1551

335 1463 423 1496 1551

336 1516 423 1550 1551

336 1622 423 1657 1551

325 1761 434 1802 1551

335 1835 423 1870 1551

335 1942 423 1976 1551

337 2048 425 2083 1551

339 2208 427 2243 1551

340 2315 427 2350 1551

293 2455 404 2495 1551
441 2456 486 2497 et

326 2520 438 2560 1552

337 2591 425 2625 1551

337 2697 426 2731 1552

336 2804 426 2838 1552

336 2857 426 2891 1552

336 2911 425 2945 1552

336 3017 426 3051 1552

338 3123 426 3157 1552

337 3176 426 3211 1552

719 172 778 207 IV.
815 171 973 207 Tabulae
999 171 1272 217 chronologicae
1298 172 1396 207 vitae
1422 172 1567 208 Canisii.

615 289 723 324 Mart.
750 289 805 324 24.

629 501 707 536 Oct.
737 501 791 536 10.

612 639 707 682 Oct.
745 638 811 681 18.

625 714 716 748 Nov.
742 713 798 748 27.

568 819 660 855 Nov.
687 819 747 854 vel
772 819 856 855 Dec.

642 873 727 908 Dec.
753 874 786 908 4.

628 926 714 961 Dec.
735 927 798 961 ·11.

631 1086 716 1121 Dec.
744 1086 800 1121 30.

650 1193 726 1228 Ian.
753 1193 786 1228 8.

639 1247 714 1282 lan.
744 1247 797 1281 16.

638 1300 714 1335 Ian.
741 1300 798 1335 26.

622 1406 725 1442 Febr.
754 1407 808 1442 19.

629 1460 737 1495 Mart.
764 1460 796 1496 3.

674 1514 760 1559 Apr.

525 1602 527 1626 ¹<
552 1619 668 1655 medio
694 1619 771 1655 fere
795 1620 882 1666 Apr.

612 1758 717 1812 Apr.
753 1760 821 1802 24.

639 1833 704 1868 Iul.
734 1833 789 1868 18.

686 1939 751 1975 Iul.

651 2050 791 2082 aestate

570 2209 710 2242 aestate
735 2208 794 2242 vel
820 2220 879 2243 au-

658 2264 782 2296 tumno

671 2313 769 2360 Sept.

547 2451 643 2495 Oct.
677 2466 814 2505 usque
840 2452 894 2494 ad

654 2517 779 2561 Febr.

645 2588 729 2624 Dec.
756 2590 789 2624 4.

565 2695 639 2730 Ian.
666 2697 722 2731 28.
750 2699 786 2731 et
811 2697 867 2732 29.

637 2803 739 2838 Febr.
765 2804 799 2838 4.

634 2856 736 2891 Febr.
764 2858 796 2891 5.

626 2909 728 2944 Febr.
755 2911 810 2944 22.

628 3015 730 3050 Febr.
758 3017 813 3050 23.

626 3123 728 3157 Febr.
756 3124 811 3158 124.

627 3177 729 3211 Febr.
756 3178 812 3211 28..

927 289 1100 324 Iuvenem
1137 290 1316 335 quendam
1355 291 1538 326 exercitiis
1572 290 1823 337 spiritualibus
1862 292 2025 328 excolere

987 342 1125 388 incipit.

928 395 1132 430 Sententiae
1158 395 1351 431 Lombardi
1377 397 1534 442 exponit.
1578 398 1618 432 In
1644 397 1796 442 collegio
1831 399 2025 443 georgiano

988 449 1176 484 dominicis
1201 449 1326 484 diebus
1351 449 1462 485 latine
1488 451 1724 486 contionatur.

929 502 1096 537 Canisius
1129 502 1343 537 matriculae
1377 503 1627 539 universitatis
1657 504 1950 549 ingolstadiensis
1975 505 2026 539 in—

990 555 1172 591 scribitur.

930 639 1093 682 Rector
1125 639 1426 683 universitatis
1459 640 1646 695 eligitur.

931 714 1102 750 Senatum
1141 715 1387 750 academicum
1423 715 1542 751 habet.

988 768 1139 813 relegat.

933 821 1116 856 Sociorum
1141 822 1479 866 ingolstadiensium
1505 823 1668 868 superior
1693 825 1936 860 constituitur.

933 875 1104 909 Senatum
1130 876 1376 910 academicum
1402 876 1522 911 habet.

932 929 974 963 In
999 931 1128 963 senatu
1154 929 1358 964 academico
1394 929 1483 964 duos
1518 930 1741 975 professores
1774 931 1868 966 inter
1900 943 1940 966 se
1977 943 2029 965 re-

993 981 1179 1023 conciliat;
1205 983 1390 1025 statuitur,
1415 985 1457 1017 ut
1474 983 1761 1019 Lutheranorum
1788 984 1869 1019 libri
1888 985 1932 1019 ab
1951 996 2029 1019 aca-

993 1035 1110 1069 demia
1135 1035 1368 1081 repellantur.

934 1088 1106 1123 Senatum
1138 1088 1258 1124 habet.
1312 1088 1526 1124 Decernitur
1561 1090 1719 1135 Casparo
1757 1089 1931 1125 Bruschio
1969 1091 2026 1125 do·

994 1142 1096 1176 cendi
1121 1154 1252 1177 munus
1277 1154 1348 1177 non
1374 1154 1453 1178 esse
1478 1142 1719 1178 tribuendum.

935 1195 1108 1229 Senatum
1134 1195 1254 1230 habet.

936 1248 1107 1284 Senatum
1133 1248 1253 1283 habet.

936 1301 1090 1337 Senatus
1116 1302 1353 1337 academicus.
1405 1302 1570 1338 Canisius
1604 1302 1821 1347 magistrum
1853 1303 2032 1348 quendam

994 1355 1109 1401 punit.

937 1408 1102 1443 Canisius
1128 1411 1293 1444 senatum
1318 1408 1438 1444 habet.

937 1461 1108 1496 Senatum
1134 1462 1253 1497 habet.
1305 1462 1403 1497 Duos
1428 1462 1565 1497 nobiles
1592 1463 1685 1497 inter
1710 1474 1749 1498 se
1774 1462 1994 1497 reconciliat.

937 1515 1086 1550 Carolus
1111 1515 1155 1550 V.
1187 1515 1329 1551 Canisio
1364 1516 1521 1558 mandat,
1556 1518 1597 1550 ut
1630 1527 1754 1551 sacras
1788 1515 1960 1560 reliquias
1995 1516 2032 1550 in

995 1568 1208 1614 Hispaniam
1235 1571 1271 1604 et
1296 1569 1417 1604 Indias
1442 1569 1575 1604 mittat.

936 1622 1100 1657 Senatus.
1144 1622 1311 1658 Canisius
1336 1622 1491 1657 nobilem
1510 1622 1688 1657 Saxonem
1715 1622 1851 1657 carceri
1868 1621 2031 1664 mandat;

995 1675 1223 1711 scholasticis
1254 1676 1458 1719 interdicit,
1492 1688 1538 1711 ne
1567 1676 1820 1720 „bombardas“
1852 1676 2030 1710 emittant.

1609 716 1851 753 Scholasticos
1893 717 2030 762 aliquot

935 1760 1198 1804 Rectoratus
1231 1760 1374 1803 officio
1406 1760 1630 1804 liberatur.

937 1836 1018 1871 Una
1044 1848 1125 1871 cum
1151 1836 1231 1871 aliis
1257 1836 1357 1872 litem
1382 1836 1477 1871 inter
1502 1837 1590 1871 duos
1616 1835 1841 1871 academicos
1868 1837 2031 1870 exortam

997 1890 1188 1935 componit.

937 1943 969 1977 A
988 1944 1077 1978 duce
1104 1946 1140 1977 et
1165 1943 1348 1978 academia
1365 1943 1410 1978 ad
1428 1942 1586 1978 officium
1609 1941 1896 1977 vicecancellarii
1920 1941 2032 1977 susci—

996 1997 1165 2042 piendum
1191 1999 1352 2041 urgetur.

937 2050 979 2084 In
997 2051 1181 2085 academia
1208 2050 1438 2094 evangelium
1465 2049 1499 2085 S.
1518 2050 1662 2084 Ioannis
1689 2049 1870 2095 explicare
1895 2048 2031 2094 incipit.

998 2104 1210 2139 Germanice
1233 2104 1470 2139 contionatur.
1505 2104 1537 2138 A
1556 2103 1801 2138 contionatore
1828 2102 2030 2144 lacessitus,

998 2157 1041 2191 ab
1069 2158 1232 2192 omnibus
1259 2157 1474 2192 defenditur.

938 2210 970 2244 A
995 2211 1085 2245 Iulio
1111 2211 1252 2255 Pflugio
1288 2211 1454 2257 episcopo
1489 2208 1773 2254 naumburgensi
1797 2209 1834 2243 in
1859 2207 2033 2243 auxilium

997 2267 1162 2300 vocatur.

940 2317 968 2351 A
987 2318 1145 2363 capitulo
1170 2317 1369 2352 cathedrali
1387 2315 1675 2361 argentoratensi
1696 2316 1855 2359 rogatur,
1881 2315 1921 2348 ut
1938 2313 2032 2359 apud

998 2383 1058 2406 eos
1085 2372 1321 2406 contionetur.

937 2455 987 2497 In
1004 2455 1291 2498 universitate
1314 2452 1657 2497 vicecancellarii
1679 2454 1828 2507 partes
1846 2451 2030 2506 supplet.

936 2592 1183 2627 Ferdinandus
1210 2593 1234 2627 Ι.
1262 2592 1503 2626 Romanorum
1527 2602 1593 2625 rex
1619 2589 1802 2625 Canisium
1828 2589 1872 2624 ab
1890 2588 2032 2633 Ignatio

996 2646 1099 2691 petit.

938 2698 1103 2733 Canisius
1141 2698 1284 2733 Ioannis
1321 2697 1428 2732 Fabri
1466 2696 1507 2732 O.
1545 2697 1604 2732 Pr.
1642 2695 1843 2740 theologico
1880 2695 2032 2729 interest

995 2752 1162 2786 examini.

936 2805 1097 2840 Eundem
1124 2805 1303 2839 doctorem
1329 2803 1531 2848 theologiae
1557 2805 1667 2838 creat.

936 2859 1096 2893 Eandem
1122 2858 1336 2902 dignitatem
1363 2857 1470 2892 Petro
1496 2856 1599 2892 Vahe
1625 2856 1775 2891 confert.

936 2913 1033 2946 Deus
1061 2912 1202 2946 Canisio
1229 2922 1371 2946 sacrum
1397 2910 1545 2945 facienti
1571 2920 1731 2944 summas
1758 2907 1895 2952 gratias
1926 2907 2030 2941 offert

996 2967 1032 2999 et
1057 2965 1268 2999 immensam
1294 2964 1472 3009 promittit
1496 2962 1713 3009 progeniem.

937 3018 1103 3053 Canisius
1128 3018 1269 3052 litteras
1296 3017 1329 3051 S.
1357 3016 1489 3060 Ignatii
1515 3016 1664 3062 accipit,
1699 3013 1829 3060 quibus
1853 3013 2030 3047 Viennam

995 3071 1171 3117 proficisci
1198 3071 1350 3105 iubetur.

939 3124 1125 3159 Albertum
1151 3124 1194 3158 V.
1222 3124 1348 3158 ducem
1375 3123 1450 3157 adit
1476 3121 1699 3157 valedicendi
1725 3120 1853 3165 gratia.

937 3177 1072 3222 Populo
1099 3175 1373 3221 ingolstadiensi
1398 3178 1480 3221 post
1505 3174 1705 3210 contionem
1730 3174 1912 3209 valedicit.
