2113 3430
815 205 846 238 9.
874 204 996 238 Martii
1024 205 1124 238 1553.
1245 229 1251 234 .
1767 206 1851 247 419

87 337 156 364 me
197 321 335 363 iudico
377 321 745 373 indignissimum,
791 323 839 362 vt
885 335 1010 374 quem
1044 321 1218 375 propria
1251 321 1427 362 nimium
1473 320 1610 362 adhuc
1652 321 1854 363 voluntas

87 387 298 437 debilitet,
333 386 489 439 quique
522 386 670 428 lacte
702 386 888 440 potius
922 401 1078 439 quam
1111 386 1290 428 solido
1317 385 1397 427 sim
1424 385 1562 427 cibo1
1585 385 1852 436 nutriendus,

88 455 134 495 et
166 451 253 493 scio
286 453 331 493 te
364 465 461 492 eum
494 451 564 503 qui
588 465 665 504 pro
689 451 893 503 cuiusque
916 451 1158 493 conditione
1182 451 1384 505 pabulum
1407 453 1702 504 attemperare
1724 451 1854 500 noris,

87 520 134 559 et
167 516 238 569 qui
269 515 481 558 neminem
524 516 678 557 salutis
720 515 910 557 subsidia
951 516 1245 569 postulantem
1283 516 1335 557 ob
1377 515 1509 569 ipsius
1551 515 1855 566 indignitatem

88 582 276 635 repellas
309 581 415 622 adeo
448 584 497 623 vt
530 580 806 633 quantumuis
839 580 957 622 rudis
990 580 1069 622 sim
1103 583 1147 622 et
1187 580 1230 621 in
1264 580 1497 623 virtutibus
1530 581 1760 634 paruulus,
1803 580 1855 622 de

88 646 269 701 profusa
300 649 447 688 tamen
479 646 554 687 illa
585 649 662 688 tua
694 645 957 687 liberalitate
990 645 1094 686 nihil
1127 660 1211 687 non
1233 645 1337 687 mihi
1359 645 1578 699 pollicear.
1622 645 1857 688 Humiliter

90 712 238 763 itaque
271 725 348 764 per
389 710 648 753 charitatem
680 710 760 752 Dei
792 714 836 753 et
868 713 1098 764 paternam
1138 710 1257 752 illam
1289 710 1498 764 pietatem
1532 712 1653 752 tuam
1687 713 1857 752 oratum

89 779 137 818 te
169 775 293 829 cupio
327 779 540 828 qnatenus
573 775 692 817 filioli
723 789 974 817 succurrere
1006 775 1360 825 necessitatibus,
1403 775 1648 827 nouellique
1690 775 1858 828 tyronis

91 840 207 882 votis
230 840 379 882 fauere
401 855 484 882 non
504 840 761 894 dedigneris,
781 839 1025 894 spiritualia
1043 840 1208 892 aliquot
1226 840 1263 881 ei
1282 839 1492 881 exercit-ia
1508 839 1857 893 praescribendo,

92 905 431 958 facillimumque
448 905 553 947 illud
571 908 614 947 et
632 905 920 947 certissimum
937 905 992 946 ad
1015 905 1222 948 virtutem
1245 905 1328 947 iter
1351 905 1698 955 demonstrando,
1722 905 1859 959 parti-

94 970 283 1012 cularius
306 970 467 1012 aetiam
490 984 687 1012 securum
710 970 897 1022 aliquem
919 973 963 1012 et
985 969 1248 1023 expeditum,
1275 969 1475 1012 semitam
1496 970 1627 1012 istam
1648 969 1861 1012 foeliciter

96 1035 281 1089 primum
312 1035 595 1088 ingrediendi,
629 1035 801 1077 modum
833 1034 1103 1084 insinuando,
1138 1038 1186 1077 vt
1209 1049 1258 1076 eo
1281 1035 1428 1077 habito
1455 1049 1589 1077 suaue
1610 1049 1713 1077 mox
1744 1034 1861 1077 istud

97 1099 255 1152 diuque
288 1103 541 1153 exoptatum
574 1100 658 1142 iter
688 1099 947 1141 fiducialiter
976 1099 1193 1154 arripiam,
1227 1101 1315 1141 fixa
1338 1099 1449 1140 enim
1471 1114 1548 1153 per
1570 1099 1651 1141 Dei
1672 1099 1861 1153 gratiam

97 1165 211 1219 apud
236 1179 303 1206 me
326 1168 415 1207 stat
438 1164 668 1215 sententia,
701 1168 795 1207 toto
818 1164 937 1206 vitae
958 1178 1081 1206 meae
1112 1167 1308 1218 tempore
1331 1164 1565 1207 virtutibus
1589 1164 1862 1218 acquirendis

97 1244 275 1283 operam
299 1230 414 1279 dare,
439 1229 648 1282 annisque
670 1229 1032 1283 peregrinationis
1052 1229 1178 1271 huius
1196 1244 1319 1271 meae
1343 1230 1434 1271 dies
1455 1229 1498 1270 in
1516 1230 1863 1284 perscrutatione

99 1295 434 1336 mandat0ru1n2
467 1297 511 1336 et
541 1294 801 1348 beneplaciti
842 1294 1051 1337 creatoris
1081 1294 1165 1336 mei
1199 1294 1437 1345 insumere,
1481 1295 1661 1336 Arctam
1695 1308 1864 1348 quoque

97 1359 218 1401 illam
251 1363 294 1402 et
327 1374 526 1413 asperam
559 1359 712 1401 salutis
745 1359 860 1401 viam
892 1374 969 1413 pro
1002 1373 1097 1401 meo
1130 1360 1303 1401 modulo
1330 1359 1515 1401 viriliter
1546 1360 1861 1414 perambulare,

98 1424 213 1466 faxit
246 1424 518 1478 omnipotens
558 1427 607 1466 vt
639 1428 683 1467 te
717 1424 822 1467 duce
855 1424 1067 1467 foeliciter
1108 1438 1203 1466 eam
1238 1424 1480 1477 ingrediar,
1526 1424 1721 1466 foelicius
1766 1439 1864 1479 per-

99 1503 285 1539 curram,
320 1489 679 1542 foelicissimeque
711 1489 887 1532 tandem
921 1490 1144 1531 absoluam
1160 1490 1189 1532 3.
1235 1490 1318 1532 Sed
1341 1489 1554 1532 mirabere
1587 1490 1736 1532 forsan
1758 1490 1865 1532 haec

98 1554 262 1607 legens,
298 1568 373 1595 cur
404 1554 467 1596 ita
498 1554 648 1596 tardus
671 1554 726 1596 ad
758 1554 1031 1596 scribendum
1051 1555 1262 1597 hactenus
1294 1554 1451 1596 fuerim
1483 1554 1519 1596 si
1550 1557 1627 1597 tua
1650 1555 1712 1597 ita
1735 1555 1865 1597 anxie

99 1622 380 1673 expectarem
413 1619 582 1662 solatia.
645 1619 797 1661 Dicam
828 1634 875 1662 re
907 1620 1014 1674 ipsa,
1049 1620 1281 1662 Barbaries
1310 1621 1398 1674 jam
1431 1620 1530 1661 inde
1563 1634 1588 1661 a
1619 1634 1753 1674 puero
1786 1620 1866 1662 im-

99 1683 249 1734 bibita,
284 1698 309 1725 a
341 1683 566 1725 scribendo
598 1684 661 1726 ita
693 1684 883 1726 animum
915 1699 1057 1727 meum
1080 1685 1317 1727 absterruit
1339 1687 1388 1727 vt
1409 1685 1605 1739 puderet,
1640 1684 1772 1727 etiam
1795 1686 1866 1727 vel

103 1748 372 1803 paucissimis
404 1752 449 1790 te
481 1748 629 1802 tuique
662 1749 823 1791 similes
855 1750 1035 1791 subinde
1067 1750 1274 1792 salutare.
1322 1749 1521 1792 Accessit
1552 1750 1649 1791 huic
1682 1751 1868 1803 languor

102 1813 313 1868 prolixior
344 1828 475 1867 supra
507 1813 725 1856 biennium
756 1814 965 1857 interiora
997 1815 1235 1857 etiamnum
1268 1829 1495 1869 occupans.
1539 1815 1619 1864 Qui
1651 1818 1695 1858 et
1728 1815 1867 1858 altera

102 1879 189 1920 iam
222 1879 317 1920 vice
358 1878 615 1920 intermissis
657 1879 712 1921 ad
753 1882 924 1934 tempus
965 1880 1119 1934 studijs
1161 1880 1348 1934 patriam
1380 1894 1448 1921 me
1490 1880 1609 1922 adire
1647 1880 1867 1934 compulit.

105 1943 236 1986 Dedit
268 1947 416 1986 tamen
449 1947 492 1986 et
524 1943 593 1985 hic
624 1943 716 1998 ipse
749 1944 963 1986 scribendi
1002 1945 1087 1987 iam
1121 1945 1403 1987 occasionem.
1468 1945 1572 1986 Cum
1611 1945 1722 1986 enim
1755 1946 1869 2000 apud

106 2011 291 2050 matrem
324 2023 401 2062 pro
434 2009 732 2063 recuperanda
764 2010 953 2053 sanitate
987 2024 1184 2063 agerem,
1227 2010 1388 2052 allatae
1426 2013 1527 2052 sunt
1568 2024 1594 2052 a
1625 2013 1670 2052 te
1702 2010 1868 2060 literae,

104 2073 256 2115 fratris
291 2073 463 2116 Ottonis
496 2075 788 2127 praesentiam
819 2075 975 2116 mirum
1015 2075 1059 2117 in
1090 2075 1264 2117 modum
1299 2078 1567 2129 expetentes.
1632 2075 1765 2124 Quem
1798 2075 1870 2117 vbi

105 2138 248 2180 isthuc
281 2138 540 2181 mittendum
572 2139 711 2189 didici,
747 2140 954 2194 optimam
986 2140 1072 2182 iam
1104 2143 1259 2182 nactus
1293 2140 1561 2181 occasionem
1594 2140 1745 2194 putaui
1778 2141 1870 2182 diu-

103 2203 191 2245 tius
224 2218 310 2245 non
343 2218 437 2245 esse
470 2204 695 2254 silendum,
728 2205 954 2258 ruptisque
987 2205 1162 2259 pudoris
1195 2206 1390 2247 omnibus
1423 2205 1666 2259 repagulis,
1710 2206 1870 2247 tumul-

103 2268 246 2311 tuarie
289 2269 500 2321 quaedam
544 2270 869 2322 conglomerata
908 2270 1209 2313 transmittere
1251 2270 1378 2312 fratri
1419 2284 1503 2311 non
1546 2270 1715 2320 erubui,
1762 2271 1871 2312 bene

105 2333 324 2375 confidens
365 2336 409 2375 te
442 2348 519 2388 pro
560 2337 637 2376 tua
674 2335 943 2377 humanitate
977 2339 1021 2378 et
1052 2335 1356 2377 beneuolentia
1388 2335 1487 2377 boni
1525 2335 1667 2376 omnia
1701 2336 1871 2377 consul-

104 2401 262 2440 turum.
327 2398 583 2451 Accingitur
615 2399 758 2441 itineri
789 2399 950 2451 frater,
986 2400 1049 2443 ita
1082 2404 1130 2443 vt
1163 2400 1356 2454 pluribus
1388 2414 1473 2442 non
1505 2400 1648 2442 liceat.
1713 2402 1872 2454 Super-

106 2476 345 2504 uacaneum
378 2466 482 2517 puto
525 2464 708 2505 fratrem
742 2464 947 2507 Ottonem
979 2465 1163 2507 multum
1201 2465 1269 2506 hic
1311 2465 1390 2506 tibi
1432 2465 1756 2514 commendare,
1801 2464 1872 2518 qui

105 2527 242 2569 sciam
275 2542 371 2569 eum
403 2528 482 2570 tibi
516 2529 1005 2580 commendatissimum,
1042 2530 1219 2583 eiusque
1252 2533 1449 2572 teneram
1482 2529 1669 2571 indolem
1702 2530 1872 2572 abunde

105 2607 131 2633 a
165 2593 406 2634 matercula
447 2593 526 2634 tibi
559 2594 815 2648 expositam.
880 2595 1098 2637 Concedat
1135 2598 1262 2649 pater
1294 2595 1685 2637 misericordiarum
1718 2598 1767 2637 vt
1807 2595 1873 2636 in-

106 2657 287 2699 columis
321 2658 374 2699 ad
407 2661 451 2700 te
484 2658 724 2712 perueniat,
759 2663 801 2702 et
834 2659 897 2702 ita
929 2659 1057 2702 isthic
1091 2674 1226 2713 agens
1259 2660 1302 2701 in
1330 2659 1565 2702 virtutibus
1598 2659 1795 2712 proficiat
1830 2664 1873 2702 et

105 2722 300 2775 scientijs
334 2726 380 2764 vt
422 2723 683 2777 reipublicae
718 2724 988 2767 Christianae
1031 2726 1173 2767 lumen
1220 2729 1263 2767 et
1306 2726 1437 2767 decus
1480 2725 1725 2777 egregium,
1770 2740 1874 2768 suae

232 2869 240 2887 ¹
267 2866 375 2901 Hebr.
403 2868 434 2907 5,
468 2867 521 2900 12.
668 2868 681 2888 ‘2
708 2868 760 2902 Cf.
789 2868 924 2903 Eccles.
954 2869 984 2910 7,
1014 2870 1043 2902 1.
1079 2868 1138 2902 Ps.
1170 2868 1245 2908 lis,
1273 2869 1327 2902 54.
1355 2869 1410 2902 69.
1442 2869 1517 2901 115.

229 2921 241 2940 ³
267 2920 306 2954 P.
335 2921 536 2953 lllattleaeus
561 2922 725 2954 Radarns
750 2922 855 2955 testis
882 2921 1021 2955 auritus
1040 2922 1127 2955 haec
1146 2921 1188 2955 de
1207 2921 1425 2955 Theoderico
1445 2921 1587 2955 Canis-io
1611 2921 1754 2956 scribit:
1786 2922 1874 2959 „Vbi

107 2973 227 3017 coepit
252 2974 422 3016 cogitare,
450 2973 542 3016 quod
569 2985 683 3016 genus
709 2974 805 3008 vitae
831 2977 1062 3018 sequeretur,
1094 2974 1299 3017 ingentibus
1327 2986 1492 3007 curarum
1520 2974 1680 3009 aestibus
1707 2975 1874 3015 iactatus,

108 3025 245 3059 nullam
272 3026 388 3060 animo
415 3026 548 3070 quietis
574 3030 713 3071 partem
741 3028 924 3072 capiebat,
958 3028 1073 3071 quoad
1100 3027 1259 3061 decreuit
1286 3039 1389 3061 suum
1417 3028 1509 3061 inter
1535 3026 1657 3061 Socios
1683 3040 1810 3062 nomen
1837 3041 1875 3062 se

110 3079 375 3122 professurum;
403 3079 654 3124 extemploque
674 3082 713 3114 vt
739 3081 814 3125 ipse
833 3080 919 3114 mihi
939 3092 1057 3114 coram
1082 3081 1202 3114 fassus
1221 3083 1286 3121 est,
1314 3081 1571 3123 cogitationum
1589 3081 1721 3115 fluctus
1740 3082 1876 3123 sedere,

110 3142 305 3176 omnesque
331 3132 512 3166 turbinum
532 3144 572 3166 ac
591 3133 776 3167 turbarum
795 3133 972 3178 procellae
991 3144 1151 3177 posuere,
1179 3133 1230 3166 vti
1258 3136 1429 3177 tanquam
1455 3133 1489 3167 in
1516 3146 1642 3168 screno
1668 3135 1876 3178 tranquillo-

112 3196 181 3227 que
207 3185 308 3226 mari,
334 3188 475 3229 portum
501 3185 568 3220 sibi
595 3187 762 3220 secundis
788 3187 906 3221 ventis
933 3187 1072 3221 subisse
1100 3186 1301 3220 vide1·etur“
1336 3186 1403 3230 (De
1422 3187 1497 3221 vita
1517 3187 1649 3221 Canisii
1677 3200 1708 3231 p.
1729 3189 1826 3231 ⁸254).

1526 3249 1564 3279 -η
1580 3249 1599 3269 ῂε
