2113 3430
231 212 315 253 668
422 212 578 246 Monuni.
608 210 855 255 (colonicnsia)
888 211 940 245 15.
970 210 1023 244 16.
1054 209 1172 254 (1547.
1207 208 1280 243 Sub
1306 208 1447 244 initium
1472 209 1657 245 Februarii
1686 210 1803 254 1544.)

348 326 557 361 versionem
592 327 836 370 germanicam
871 324 1080 360 catechismi
1114 324 1251 359 romani
1285 324 1544 367 „ian1dudum“,
1579 325 1696 369 inquit
1721 325 1878 367 Ederus,
1919 326 1998 368 „ab-

228 378 437 420 soluissem,
474 379 542 414 nisi
578 379 664 413 mihi
691 391 711 414 a
737 379 806 413 fide
842 379 959 422 dignis
994 378 1149 413 relatum
1184 377 1333 418 fuisset,
1369 377 1520 412 eundem
1546 377 1704 412 laborem
1738 381 1821 412 ante
1846 390 1903 412 me
1929 378 1997 413 sibi

228 432 426 476 sumpsisse
453 432 702 467 Reum-endum
728 433 874 467 Patrem
910 431 1101 466 Dominum
1127 431 1275 465 Petrum
1303 429 1484 464 Canisium
1509 430 1749 476 Theologum,
1785 431 1868 466 olim
1903 432 1998 476 apud

230 487 318 518 vos¹
345 485 380 519 in
407 485 634 529 Theologicis
659 486 936 531 praeceptorem
972 496 1090 519 meum
1117 486 1153 518 et
1178 484 1375 518 Patronum
1409 483 1647 527 singularem:
1683 485 1739 519 cui
1764 496 1834 519 non
1869 484 1997 519 lubens

228 540 369 572 tantum
388 539 491 580 cessi,
517 540 579 574 sed
599 552 640 574 eo
658 539 799 573 nomine
817 539 1012 584 plurimum
1030 538 1138 572 etiam
1157 540 1194 572 et
1210 537 1297 571 mihi
1316 539 1352 571 et
1369 536 1435 570 toti
1459 537 1663 580 gratulatus
1681 549 1761 572 sum
1780 537 1993 572 Ecclesiae.“

348 591 382 635 c)
411 592 467 626 Ex
493 592 678 637 *epistula
695 592 930 637 autographa,
951 592 995 626 ab
1015 593 1133 625 Edero
1151 591 1196 625 ad
1214 589 1436 624 Everardum
1454 590 1729 632 Mercurianum,
1754 591 1997 636 praepositum

227 644 432 687 generalem
459 645 493 680 S.
522 646 566 687 J.,
593 646 677 680 data
703 646 842 680 Vienna
869 646 923 680 26.
952 645 1073 679 Martii
1103 644 1203 679 1574.
1257 643 1340 678 Cod.
1372 643 1481 688 „Epp.
1509 642 1628 677 Germ.
1657 644 1767 678 1574‘
1803 656 1837 678 n.
1865 644 1944 679 227.

354 699 428 741 „Ab
454 699 600 733 ineunte
626 701 745 733 aetate
772 698 965 744 plurimum
990 710 1133 743 semper
1159 697 1265 732 debui
1289 695 1540 731 sanctissimae
1565 695 1730 730 societati
1749 696 1869 741 [lesu],
1896 697 1997 731 cuius

230 751 336 795 primi
375 752 544 786 authores
580 752 690 797 aliqui
726 752 811 786 olim
838 751 1005 786 Coloniae
1040 751 1173 796 optime
1209 751 1354 785 fuerunt
1389 749 1543 793 cogniti,
1578 751 1620 783 vt
1645 749 1844 784 Reuerendi
1870 750 1998 784 Patres

231 803 272 838 D.
292 805 422 839 Petrus
441 806 544 840 Fabri
562 806 584 847 2,
611 806 652 840 D.
673 806 858 840 Pobadilla
875 806 896 847 ³,
925 805 1120 840 Goudanus
1146 806 1182 838 et
1207 803 1268 849 alij
1296 815 1316 838 a
1343 803 1438 847 quib.
1464 805 1542 837 tum
1558 803 1596 836 in
1621 814 1760 837 summa
1786 805 1997 848 paupertate

229 869 310 893 mea
345 858 497 903 plurima
533 859 655 904 accepi
690 859 881 900 beneficia,
917 858 1132 904 praesertim
1158 869 1178 892 a
1204 857 1312 892 Patre
1340 856 1520 891 canisio&
1573 856 1728 897 Quorum
1763 856 1920 890 omnium
1946 868 1997 891 re-

230 912 389 946 cordatio
416 912 524 947 michi
550 915 721 958 pergrata
748 915 804 947 est
829 915 938 957 atque
964 911 1150 946 iucunda.“

1075 1022 1158 1065 15.

350 1114 471 1158 Aliqui
498 1115 631 1149 Ganisii
666 1114 881 1159 biographi5
916 1114 1100 1148 affirmant
1138 1125 1219 1148 eum
1246 1125 1337 1147 anno
1367 1113 1456 1147 1547
1483 1124 1503 1147 a
1530 1111 1725 1147 coloniensi
1750 1111 1998 1154 universitate,

231 1167 325 1211 quod
361 1168 534 1202 ecclesiae
570 1168 763 1203 coloniensi
798 1168 834 1202 in
865 1167 1069 1202 discrimine
1104 1167 1165 1201 illo
1191 1167 1338 1201 wedano
1374 1166 1518 1210 egregie
1557 1165 1770 1211 profuisset,
1819 1165 1999 1200 doctorem

230 1220 433 1265 theologiae
468 1222 689 1255 nominatum
725 1233 814 1255 esse.
865 1221 914 1255 At
948 1221 1006 1255 hic
1041 1232 1139 1255 error
1174 1222 1240 1255 est.
1291 1219 1402 1254 Nam:
1441 1220 1470 1254 1.
1509 1219 1673 1254 Canisius
1709 1221 1880 1253 autumno
1915 1218 1999 1252 anni

234 1275 322 1308 1549
363 1275 540 1309 Bononiae
579 1287 729 1309 examen
767 1274 895 1316 subiit,
943 1277 983 1309 ut
1018 1274 1221 1318 theologiae
1260 1273 1382 1308 doctor
1419 1273 1537 1314 fieret;
1586 1273 1617 1307 2.
1656 1272 1806 1306 Iacobus
1844 1271 1997 1317 Laynez,

229 1328 456 1372 praepositus
483 1328 661 1372 generalis
688 1328 721 1363 S.
750 1329 803 1370 J.,
837 1340 906 1372 quo
933 1328 1076 1362 facilius
1102 1327 1247 1372 quidam
1274 1327 1316 1362 de
1343 1326 1521 1361 Societate
1546 1337 1676 1360 munus
1701 1324 1902 1369 theologiae
1927 1327 1998 1359 tra-

229 1381 367 1416 dendae
391 1382 426 1415 in
445 1382 637 1417 Germania
662 1382 913 1416 administrare
939 1384 1097 1426 possent,
1123 1380 1255 1415 litteris
1280 1380 1433 1426 publicis
1458 1381 1614 1414 testatus
1639 1381 1695 1414 est
1720 1391 1780 1413 eos
1802 1378 1997 1421 „Lauream

231 1435 448 1469 Doctoratus
474 1436 509 1469 in
535 1447 660 1470 sacrae
686 1435 902 1478 Theologiae
929 1435 1104 1470 facultate
1130 1434 1376 1480 suscepisse“;
1407 1434 1500 1468 inter
1526 1444 1615 1478 quos
1640 1432 1789 1467 Petrum
1816 1431 1997 1466 Canisium

229 1491 404 1530 recenset,
431 1489 491 1533 qui
518 1489 696 1523 Bononiae
722 1490 770 1523 sit
795 1491 998 1534 p1·0motus;
1025 1500 1141 1533 neque
1168 1489 1210 1523 de
1229 1487 1423 1522 coloniensi
1453 1487 1616 1529 „lau1·ea“
1647 1486 1837 1530 quicquam
1863 1485 1996 1525 dicit⁶;

230 1542 264 1577 3.
290 1541 342 1576 De
369 1543 494 1577 eadem
519 1542 739 1588 promotione
765 1545 847 1577 acta
865 1542 1050 1577 facultatis
1068 1542 1291 1586 theologicae
1309 1541 1522 1576 coloniensis
1539 1540 1658 1575 silent.
1696 1538 1806 1581 Quod,
1834 1539 1902 1573 etsi
1920 1539 1997 1583 ipsa

231 1595 329 1630 illius
355 1596 526 1641 temporis
562 1598 643 1630 acta
668 1608 737 1630 non
769 1595 840 1630 iam
874 1598 1018 1630 exstare
1055 1595 1241 1636 videntur,
1277 1594 1501 1638 intellegitur
1528 1593 1661 1635 exiis,
1697 1604 1788 1638 quae
1814 1591 1998 1626 Kritzradt

230 1649 374 1683 saeculo
407 1649 521 1683 XVII.
558 1661 603 1683 ex
637 1649 764 1684 iisdem
799 1649 890 1684 actis
925 1649 1107 1694 excerpsit
1122 1650 1144 1684 ⁷.
1195 1648 1264 1682 Hic
1299 1648 1393 1682 enim
1428 1647 1620 1691 diligenter
1655 1645 1861 1687 adnotavit,
1907 1656 1996 1689 quos

231 1703 363 1745 gradus
390 1703 631 1745 academicos,
668 1703 827 1747 quando,
865 1714 934 1747 qua
960 1703 1098 1737 ratione
1125 1702 1289 1737 Canisius
1317 1701 1484 1736 Coloniae
1510 1702 1698 1735 assecutus
1724 1701 1822 1734 esset
1832 1711 1839 1739 ;
1868 1698 1910 1732 de
1936 1698 1998 1732 illa

229 1758 352 1790 autem
386 1755 509 1790 laurea
539 1768 583 1790 ne
619 1757 769 1791 verbum
803 1756 947 1800 quidem
981 1755 1138 1801 scripsit.
1188 1756 1221 1789 4.
1250 1755 1414 1790 Canisius
1445 1754 1522 1799 ipse
1549 1754 1722 1797 Friburgo
1748 1752 1997 1787 Helvetiorum

234 1809 265 1844 3.
292 1809 383 1843 Iunii
405 1810 495 1844 1590
513 1809 553 1844 Ρ.
572 1810 722 1844 Arluino
742 1809 862 1844 Madio
881 1809 915 1844 S.
935 1810 967 1844 J.
994 1809 1159 1854 scripsit:
1191 1809 1251 1851 „ln
1277 1808 1471 1852 Theologia
1496 1807 1635 1841 nullum
1662 1806 1829 1841 Coloniae
1847 1805 1998 1849 gradum

230 1865 474 1907 consequutus
500 1865 609 1898 su111.“
631 1864 644 1883 ⁸
685 1863 779 1898 Fieri
806 1863 948 1907 quidem
974 1865 1125 1908 poterat,
1152 1865 1192 1896 ut
1218 1862 1384 1896 Canisius
1410 1873 1522 1896 senex
1547 1860 1742 1895 multarum
1767 1870 1887 1893 rerum
1912 1857 1997 1892 obli-

234 1916 451 1957 visceretur,
492 1929 583 1960 quae
619 1917 686 1962 ipsi
722 1916 842 1951 iuveni
869 1916 1036 1951 Coloniae
1071 1916 1287 1950 acciderant.
1339 1915 1408 1949 Sed
1433 1915 1576 1950 laureae
1602 1912 1793 1948 doctoralis
1829 1913 1998 1956 acceptae

230 1980 312 2004 esse
339 1969 487 2004 oblitum
515 1971 594 2014 quis
621 1970 838 2005 crediderit?

339 2090 380 2141 b)
422 2089 619 2136 Societas
650 2089 748 2136 Iesu
780 2101 856 2149 per
887 2088 1100 2135 Canisium
1130 2088 1310 2148 primum
1341 2087 1384 2133 in
1417 2085 1642 2135 Germania
1674 2084 1886 2132 stabilita.

999 2167 1228 2205 1543—1546.

1075 2252 1157 2294 16.

826 2336 897 2372 ‚Sub
923 2334 1070 2372 initium
1097 2334 1290 2372 Februarii
1315 2334 1412 2370 1544.

353 2419 408 2454 Ex
434 2419 644 2464 biographia
672 2419 825 2459 Canisii,
865 2432 885 2454 a
911 2419 950 2454 P.
979 2421 1104 2454 Iacobo
1130 2420 1252 2453 Keller
1277 2418 1311 2452 S.
1339 2418 1370 2452 J.
1398 2417 1464 2452 sub
1491 2427 1522 2451 a.
1552 2417 1641 2451 1612
1668 2416 1875 2461 composita,
1906 2426 1997 2459 quae

231 2476 290 2508 est
323 2474 359 2507 in
386 2473 461 2507 cod.
488 2484 624 2506 monac.
666 2472 825 2514 „Keller,
863 2473 948 2507 Can.
978 2473 1043 2513 1.“,
1070 2473 1094 2506 f.
1123 2472 1265 2506 7³-82=.
1316 2470 1439 2505 Keller
1472 2470 1628 2504 affirmat
1663 2481 1701 2504 se
1729 2481 1769 2504 ea
1809 2481 1875 2512 „ex
1909 2468 1997 2513 ipsis

234 2527 375 2567 litteris,
403 2538 493 2571 quae
520 2526 565 2560 ad
591 2537 735 2560 manum
762 2526 921 2560 illibatae
947 2527 1174 2571 supeisunt‘,
1202 2525 1410 2570 sumpsisse,
1437 2526 1472 2558 et
1499 2523 1616 2558 addit:
1652 2522 1827 2565 „Coelesti
1854 2523 1996 2567 pectore

234 2581 336 2614 fusae
362 2582 456 2622 sunt,
483 2579 560 2624 pari
587 2579 724 2614 calamo
751 2580 955 2624 exceptae.“

357 2717 366 2736 ¹
394 2715 622 2750 Colonienses
649 2715 844 2758 alloquitur
870 2714 1018 2748 Ederus.

354 2769 368 2790 ²
394 2769 527 2803 Beatus
554 2769 684 2802 Petrus
709 2768 834 2802 Faber.
981 2768 993 2786 ³
1019 2767 1058 2801 P.
1085 2766 1254 2800 Nicolaus
1281 2764 1479 2799 Bobadilla.

354 2824 366 2842 ⁴
393 2822 497 2856 Haud
524 2824 620 2856 recte
647 2821 757 2864 igitur
782 2821 965 2855 Aschhach
1004 2820 1040 2864 (l.
1070 2832 1098 2854 c.
1126 2832 1158 2865 p.
1190 2819 1270 2862 167)
1304 2818 1434 2853 asserit
1460 2817 1614 2852 Ederum
1641 2817 1711 2850 iam
1738 2818 1820 2850 ante
1846 2826 1877 2848 a.
1906 2813 1995 2848 1540

235 2875 381 2909 Colonia
407 2875 628 2909 discessisse.
667 2875 781 2909 Faber
806 2886 897 2909 auno
919 2874 1019 2914 1543,
1048 2873 1232 2908 Bobadilla
1259 2884 1288 2906 a.
1312 2872 1400 2906 1545
1427 2872 1581 2916 primum
1601 2868 1783 2904 Coloniam
1809 2869 1994 2901 venerunt.

355 2930 367 2949 ⁵
394 2930 504 2972 Lony.
532 2929 623 2971 ‹leylt
652 2929 761 2971 Oddi,
797 2927 882 2962 Vita
909 2927 942 2961 di
971 2927 1112 2961 Canisio
1145 2926 1164 2960 l.
1196 2927 1231 2967 1,
1260 2937 1289 2960 c.
1317 2927 1356 2967 5,
1383 2937 1416 2959 n.
1445 2926 1464 2959 5
1503 2924 1554 2967 (in
1593 2923 1646 2957 ed.
1674 2920 1819 2956 Taurini
1845 2931 1875 2954 a.
1906 2918 1994 2953 1829

237 2981 331 3014 facta
352 2982 420 3016 vol.
440 2983 464 3022 Ι,
484 2994 516 3027 p.
535 2982 610 3024 47).
647 2982 788 3024 Se'ynin,
817 2981 981 3015 Canisius
1008 2992 1040 3025 p.
1060 2981 1115 3015 50.
1147 2981 1272 3022 Boero,
1292 2978 1433 3012 Canisio
1454 2989 1488 3023 p.
1506 2977 1562 3011 48.
1601 2978 1626 3011 I.
1646 2977 1695 3010 M.
1716 2976 1751 3009 S.
1770 2975 1992 3016 Daure'ynac,

238 3033 401 3067 Canisius
427 3047 459 3079 p.
487 3035 542 3069 58.
590 3037 737 3077 cim-cia,
766 3034 879 3068 Pedro
907 3033 1048 3068 Canisio
1075 3045 1107 3078 p.
1138 3033 1215 3066 116.

357 3087 369 3105 ⁰
395 3088 410 3105 ²*
424 3088 579 3121 Litterae
616 3087 729 3121 Lainii
767 3087 900 3121 Romae
938 3087 991 3121 13.
1024 3086 1181 3129 Augusti
1218 3085 1307 3120 1558
1344 3085 1449 3118 datae
1483 3086 1577 3118 sunt.
1637 3081 1733 3123 Quae
1768 3080 1804 3114 in
1839 3078 1993 3113 secundo

238 3138 416 3173 volumine
444 3140 549 3174 huius
575 3141 692 3185 operis
719 3142 969 3185 proponentur.

357 3192 368 3211 ⁷
395 3191 436 3225 V.
464 3204 572 3237 supra
600 3205 630 3237 p.
659 3194 737 3227 664.
765 3194 845 3227 666.
989 3193 1001 3212 ⁸
1028 3192 1081 3226 Cf.
1108 3202 1216 3236 supra
1242 3203 1275 3236 p.
1303 3191 1381 3225 667.
