2113 3430
211 149 295 188 412
752 144 829 179 126.
867 143 1031 179 Canisius
1057 145 1182 180 loanni
1208 146 1250 180 de
1277 146 1442 181 Polaneo.

209 276 352 303 remus
385 261 523 303 adhuc
556 261 598 302 in
631 260 874 315 principijs,
918 275 996 303 nec
1038 262 1162 304 video
1206 277 1332 316 quem
1365 263 1485 306 breui
1517 278 1795 318 progressum
1828 264 1973 307 facere

209 326 368 380 possim
386 328 412 368 1.
462 326 544 367 Per
576 326 618 367 la
651 326 752 379 qual
785 340 887 368 cosa
920 326 1115 368 desidero
1149 327 1453 381 spetialmente
1485 328 1620 371 hauer
1642 330 1754 371 buon
1778 329 1897 372 auiso
1922 330 1974 372 de

210 391 259 433 V.
298 391 345 433 R.
379 391 425 433 P.
460 391 616 445 perche
648 405 732 432 non
767 394 834 434 sto
868 393 1072 434 contento
1106 394 1149 433 et
1182 392 1327 445 quieto
1361 407 1441 435 con
1472 396 1591 436 tutta
1624 397 1777 447 questa
1810 394 1974 438 faticba

209 456 404 497 haueudo
438 470 574 510 paura
607 456 684 498 che
716 470 794 510 per
825 456 947 498 molti
980 455 1081 498 anni
1114 470 1199 498 non
1232 456 1269 498 si
1300 458 1508 511 potrebbe
1540 459 1659 509 finir,
1704 474 1750 502 se
1790 459 1830 502 io
1873 474 1974 502 con-

207 521 378 563 tinuare
412 520 500 563 cosi
535 535 615 562 con
647 521 686 562 le
719 521 935 571 lettioni2,
980 521 1032 563 de
1064 521 1259 574 sequitar
1291 524 1446 575 questa
1477 522 1701 577 impressa.
1766 525 1975 566 Dominus

207 586 262 627 ad
294 586 477 639 gloriam
511 600 632 628 suam
667 588 813 628 uertat
845 586 1001 628 omnia.
1047 586 1081 628 O
1116 586 1152 628 si
1185 586 1304 628 fusse
1338 587 1409 640 qui
1442 602 1500 628 vn
1526 588 1699 642 Laynez
1732 604 1756 631 o
1789 603 1847 631 vn
1880 590 1974 632 Sal-

207 730 409 776 principiis,
448 741 513 764 nec
540 730 662 770 video,
702 741 807 774 quem
834 730 935 764 breui
962 742 1192 775 progressum
1228 730 1347 765 facere
1383 730 1517 775 possim
1536 731 1555 765 ¹.
1608 730 1724 773 Quare
1754 732 1974 766 reverendae

207 784 436 829 paternitatis
462 785 605 817 vestrae
632 783 790 817 consiliis
817 783 981 818 adiuvari
1009 784 1240 818 vehementer
1266 784 1388 829 cupi03
1424 784 1509 818 licet
1541 784 1636 818 enim
1670 787 1812 819 tantum
1838 785 1974 819 labora-

208 837 339 878 verim,
367 849 431 871 nec
459 839 648 871 contentus
674 848 738 870 nee
764 836 980 880 tranquillus
1007 849 1106 879 su1n3
1142 849 1225 872 nam
1251 849 1396 878 vereor,
1431 849 1475 871 ne
1501 849 1564 882 per
1590 837 1722 872 multos
1749 849 1860 873 annos
1887 850 1975 884 opus

208 891 274 925 1100
310 890 559 935 imperfectum
595 892 758 931 maneat,
794 890 824 924 si
860 889 911 924 ita
945 902 1092 935 pergam
1129 890 1254 924 docere
1289 889 1396 924 simul
1427 892 1463 924 et
1487 891 1643 925 scribere
1659 891 1682 925 2.
1733 891 1905 926 Dominus
1931 892 1975 926 ad

208 944 358 988 gloriam
385 955 486 978 suam
514 945 635 977 vertat
660 944 796 977 omnia!
833 942 860 976 O
889 943 919 977 si
937 942 1052 977 Lainii
1072 943 1129 977 vel
1148 943 1374 978 Salmerones
1392 943 1451 977 vel
1470 943 1590 978 Olavii
1607 943 1665 978 hic
1684 946 1814 986 essent,
1842 947 1975 988 quanto

209 997 352 1031 facilius
386 999 503 1031 totum
538 996 604 1031 1100
639 1008 729 1041 opus
765 996 1033 1031 absolveretur!
1085 996 1153 1031 Sed
1190 997 1432 1031 reverentiam
1457 999 1617 1031 vestram
1643 997 1749 1032 fidele
1788 998 1976 1032 consilium

331 1106 339 1125 ¹
367 1105 455 1139 Cum
481 1104 537 1138 his
565 1103 697 1138 Canisii
725 1104 844 1138 verbis
874 1103 928 1147 (se
954 1115 975 1138 a
1001 1103 1132 1138 ceteris
1159 1104 1321 1148 patribus
1356 1103 1450 1138 haud
1486 1103 1638 1138 multum
1674 1104 1857 1145 adiuvari,
1896 1106 1977 1149 post

208 1160 262 1192 tot
286 1169 429 1192 menses
455 1158 489 1192 in
517 1157 703 1203 principiis
729 1157 891 1200 haerere)
922 1157 1076 1192 fortasse
1102 1157 1197 1191 haud
1224 1157 1274 1191 ita
1301 1157 1407 1191 facile
1434 1157 1597 1202 componi
1615 1159 1775 1202 possunt,
1802 1169 1893 1202 quae
1912 1159 1978 1191 Γο-

208 1214 332 1245 Iuncus
357 1211 499 1246 scribit:
540 1211 817 1256 „Compendium
853 1211 1030 1254 quoddam
1065 1210 1269 1254 theologiae
1304 1211 1363 1245 vel
1399 1211 1583 1245 doctrinae
1610 1211 1846 1253 christianae,
1883 1211 1977 1255 quod

204 1265 308 1309 jussu
334 1265 444 1309 Regis
471 1265 510 1299 P.
539 1264 685 1299 Claudio
722 1265 1009 1298 commendatum
1044 1264 1183 1305 fuerat,
1221 1292 1227 1298 .
1257 1292 1263 1298 .
1291 1264 1398 1298 simul
1433 1276 1453 1298 a
1488 1265 1621 1299 nostris
1652 1264 1724 1299 illis
1751 1264 1973 1299 doctoribus“

208 1319 299 1360 laio,
328 1318 516 1359 Gondano,
555 1318 696 1352 Canisio
722 1329 814 1352 anno
845 1318 933 1351 1552
964 1318 1273 1359 „concinnabatur.
1320 1345 1327 1352 .
1357 1346 1363 1352 .
1393 1345 1400 1352 .
1427 1317 1600 1360 Quamvis
1628 1318 1721 1362 quod
1746 1318 1791 1352 ad
1818 1317 1977 1352 ordinem

207 1373 338 1406 attinet
364 1374 399 1406 et
425 1383 483 1406 res
509 1371 679 1406 dicendas
706 1382 726 1405 a
752 1371 790 1405 P.
820 1370 968 1405 Claudio
996 1383 1037 1405 ae
1063 1371 1103 1405 P.
1131 1370 1304 1405 Gaudano
1331 1383 1376 1405 ex
1403 1371 1494 1405 bona
1530 1373 1631 1416 parte
1665 1371 1901 1411 formaretur,
1938 1371 1976 1405 P.

207 1428 328 1459 tamen
356 1425 540 1465 Canisius,
578 1426 722 1469 praeter
748 1424 1010 1465 inventionem,
1050 1424 1186 1469 stylum
1222 1424 1394 1458 addebat‘
1427 1427 1462 1458 et
1488 1425 1586 1469 operi
1617 1424 1787 1466 „formam
1814 1423 1977 1458 ultimam

208 1479 447 1524 imponebaff‘,
475 1481 584 1522 atque
611 1478 689 1512 ideo
721 1477 817 1519 „fieri
843 1489 912 1511 non
931 1477 1083 1522 potum,
1110 1479 1150 1512 ut
1168 1480 1250 1522 post
1267 1478 1408 1512 Pascha
1428 1478 1510 1512 anni
1531 1478 1621 1512 1552
1644 1477 1977 1522 „argentinensibus

207 1544 287 1566 euni
324 1532 594 1577 expetentibus⁴⁴
634 1531 839 1565 mitteretur
868 1530 1084 1575 (Chronicon
1110 1531 1159 1572 ΙΙ,
1187 1531 1402 1574 567-569).
1454 1530 1559 1565 Certe
1596 1531 1761 1565 Canisius
1796 1543 1866 1565 non
1900 1543 1977 1575 pro·

208 1586 345 1620 fecerat
378 1588 538 1627 tantum,
579 1587 752 1629 quantum
789 1584 875 1618 dicit
900 1584 1089 1618 Polancus.
1141 1585 1194 1618 Ac
1221 1584 1276 1619 29.
1303 1584 1518 1619 Novembris
1546 1585 1636 1619 1552
1672 1584 1764 1618 idem
1802 1586 1978 1618 Polam-us

212 1639 247 1673 P.
275 1639 422 1673 Nicolao
450 1638 580 1672 Lanoio
606 1637 738 1682 Ignatii
764 1638 905 1671 nomine
937 1637 1083 1682 scripsit
1118 1637 1318 1682 compendii
1354 1637 1549 1680 theologici
1589 1637 1818 1679 „conficiendi
1854 1649 1977 1671 curam

208 1693 437 1737 praecipuam
472 1691 765 1726 committendam
799 1693 862 1725 aut
892 1690 992 1724 Patri
1019 1690 1161 1736 Laynez
1197 1692 1260 1724 aut
1285 1691 1385 1725 Patri
1412 1690 1545 1725 Olave“
1580 1690 1770 1734 (Chronico
1797 1690 1862 1734 [IL
1890 1689 1972 1733 569]

208 1746 417 1780 adnotatum
444 1746 487 1779 ab
515 1745 673 1779 eiusdem
707 1744 870 1788 editore).
923 1744 1058 1785 Quibus
1093 1744 1224 1778 litteris
1260 1744 1418 1789 acceptis
1446 1744 1610 1778 Canisius
1646 1743 1833 1778 consilium
1867 1755 1972 1778 suum

208 1799 257 1833 ita
284 1801 444 1833 mutasse
472 1798 624 1839 videtur,
651 1799 691 1832 ut
716 1809 815 1842 opus,
843 1798 936 1842 quod
963 1800 1068 1831 antea
1094 1797 1297 1841 theologiae
1315 1797 1486 1832 studiosis
1504 1797 1735 1831 instituendis
1753 1797 1974 1831 destinatum

208 1855 303 1893 erat,
339 1852 518 1886 iuventuti
554 1851 648 1886 omni
683 1851 863 1885 docendae
891 1851 1089 1885 destinaret
1115 1853 1151 1884 et
1176 1862 1239 1895 pro
1271 1850 1435 1892 „Summa
1462 1850 1682 1894 theologica“
1714 1850 1973 1885 catechismum

207 1906 456 1940 substitueret.
508 1904 585 1939 Nisi
624 1904 705 1949 quis
732 1904 850 1938 dicere
876 1904 1045 1938 maluerit
1072 1903 1255 1938 Canisium
1282 1904 1420 1938 duobus
1446 1904 1548 1938 libris
1575 1903 1841 1938 conscribendis
1866 1903 1973 1938 simul

208 1959 348 1993 dedisse
375 1970 539 2003 operam,
572 1958 779 2003 compendio
806 1957 1008 2001 theologico
1035 1959 1071 1991 et
1097 1957 1333 1999 catechismo,
1370 1957 1480 1992 donee
1506 1958 1676 1991 autumno
1703 1969 1734 1992 a..
1764 1957 1853 1991 1552
1881 1968 1972 1991 com-

210 2012 327 2057 pendii
354 2012 562 2057 compositio
589 2011 670 2045 aliis
697 2012 992 2045 committeretur.
1040 2010 1125 2045 Sive
1151 2013 1271 2045 autem
1297 2022 1407 2044 unum
1433 2010 1511 2045 sive
1537 2010 1691 2045 alterum
1716 2010 1796 2055 quis
1831 2010 1972 2050 dixerit,

208 2065 275 2099 hoc
302 2067 438 2099 eertum
465 2068 521 2099 est
545 2077 611 2099 nec
630 2065 743 2099 laium
768 2076 833 2098 nec
853 2064 1065 2098 Goudanum
1093 2063 1301 2098 catechismi
1322 2066 1504 2098 auctorem
1522 2063 1592 2098 dici
1610 2075 1725 2108 posse.
1760 2063 1851 2097 Nam
1872 2062 1973 2097 Caui—

208 2119 294 2159 sius,
321 2130 482 2152 summae
509 2118 564 2152 vir
590 2118 796 2158 modestiae,
824 2129 904 2151 cum
930 2120 985 2151 ter
1012 2118 1054 2151 de
1083 2117 1291 2152 catechismi
1319 2118 1374 2151 sui
1393 2119 1472 2151 ortu
1491 2117 1673 2162 publicum
1691 2117 1856 2151 redderet
1874 2117 1973 2150 testi-

210 2171 376 2213 monium,
395 2171 559 2206 neutrius
577 2183 747 2215 umquam
765 2171 852 2205 fecit
870 2170 1085 2205 mentionem
1104 2170 1266 2214 (Summa
1281 2170 1462 2214 [Coloniae
1479 2170 1582 2214 1566]
1603 2182 1655 2215 ep.
1672 2170 1784 2204 dedic.
1800 2170 1824 2204 f.
1839 2166 1972 2203 2’““-4ῑ’.

211 2225 309 2270 Opus
345 2225 617 2259 catechisticum
653 2224 706 2258 ed.
733 2226 772 2258 P.
800 2225 960 2258 Busaens
986 2223 1054 2267 [ed.
1082 2224 1134 2265 2.,
1172 2224 1339 2259 Coloniae
1369 2223 1472 2267 1577]
1509 2235 1562 2268 ep.
1596 2223 1707 2257 dedic.
1745 2224 1768 2257 f.
1796 2222 1972 2257 a‘23—b2.

209 2278 355 2312 Summa
374 2278 554 2322 [Dilingae
576 2277 679 2322 1571]
700 2289 754 2322 ep.
775 2277 887 2312 dedic.
907 2278 931 2311 f.
950 2277 1180 2312 A22--ASb.
1222 2277 1353 2312 Canisii
1380 2277 1491 2311 verba
1517 2276 1634 2321 posita
1660 2278 1745 2310 sunt
1770 2276 1805 2309 in
1829 2277 1974 2310 editori..-

213 2331 508 2372 „Katechismeffl
531 2333 597 2365 etc.
618 2343 650 2376 p.
673 2331 766 2374 154).
803 2332 922 2374 Atque
950 2331 1058 2365 etiam
1084 2330 1120 2364 in
1147 2330 1445 2375 autobiographia
1471 2329 1681 2374 simpliciter
1704 2329 1862 2363 affirmat
1880 2331 1973 2363 cate-

208 2384 384 2419 chismum
410 2384 510 2418 illum
537 2396 557 2418 a
593 2396 631 2418 se
674 2383 955 2428 „conscriptunff
995 2395 1093 2425 esse;
1131 2384 1214 2417 vide
1249 2395 1359 2428 supra
1385 2395 1418 2428 p.
1445 2383 1501 2417 (53,
1552 2382 1627 2416 Nec
1661 2384 1781 2416 tamen
1818 2381 1973 2416 dubitari

208 2440 336 2482 potest,
363 2437 448 2481 quin
476 2437 642 2472 Canisius
668 2437 703 2471 in
730 2437 948 2471 catechismo
975 2436 1230 2471 conscribendo
1258 2436 1364 2470 rebus
1391 2435 1462 2470 illis
1490 2447 1576 2470 usus
1602 2435 1667 2477 sit,
1700 2446 1790 2479 quas
1816 2435 1912 2469 laius
1939 2438 1974 2469 et

208 2490 402 2524 Goudanus
438 2490 473 2524 111
510 2490 758 2535 compendium
794 2490 882 2524 illud
918 2489 1160 2532 theologicum
1202 2489 1437 2523 contulerant.
1490 2488 1753 2523 Commentaria
1798 2488 1973 2531 quaedam

207 2543 409 2587 theologica
435 2556 455 2577 a
483 2543 555 2577 [aio
582 2543 718 2585 relicta,
747 2555 837 2587 quae
857 2543 1023 2577 Canisius
1049 2543 1084 2576 111
1110 2542 1230 2577 labore
1257 2554 1321 2576 suo
1348 2541 1554 2576 adhibuisse
1574 2541 1726 2581 videtur,
1754 2541 1862 2575 etiam
1880 2552 1973 2575 1111110

206 2599 417 2641 501101511ηῇ
458 2597 539 2631 vide
575 2608 667 2640 quae
694 2599 775 2641 post
800 2596 893 2630 hane
920 2596 1034 2641 ipsam
1061 2595 1253 2640 epistulam
1279 2598 1465 2640 ponentur.
1517 2595 1677 2629 Tandem
1703 2594 1809 2628 fateri
1835 2596 1974 2639 oportet

207 2650 313 2683 etiam
341 2649 474 2684 Canisii
506 2649 726 2691 7,81111111111111“
759 2649 881 2693 aliqua
907 2649 1044 2683 ratione
1077 2648 1326 2693 compendium
1352 2648 1553 2692 theologiae
1590 2660 1688 2688 esse;
1728 2659 1796 2691 quo
1832 2647 1972 2681 nomine

207 2702 389 2746 appellata
425 2705 481 2737 est
516 2703 551 2736 in
583 2703 876 2745 „Instructione“,
913 2714 1019 2746 quam
1047 2702 1272 2745 S.1g11atius
1308 2714 1338 2736 a.
1370 2702 1458 2736 1556
1495 2701 1646 2745 collegio
1682 2699 1849 2745 pragensi
1876 2699 1971 2733 dedit

210 2755 354 2795 (Cartas
381 2756 424 2789 de
452 2758 527 2789 San
555 2758 700 2799 Iymtce'o
727 2756 786 2797 VI,
814 2756 894 2790 456.
939 2755 992 2790 Cf.
1024 2755 1341 2797 „instructionenff
1373 2754 1524 2798 collegio
1551 2752 1824 2798 ingolstadiensi
1851 2752 1970 2786 datam

206 2806 228 2839 l.
258 2819 285 2840 0.
314 2819 346 2851 Ι).
374 2809 471 2851 506).

326 2860 338 2880 ”·’
365 2861 529 2895 Canisius
569 2862 654 2903 „sub
691 2863 886 2896 aestatem“
927 2873 957 2895 a.
998 2862 1086 2896 1552
1122 2861 1156 2895 111
1192 2861 1428 2895 universitate
1465 2859 1712 2904 compendium
1748 2857 1834 2891 illud
1874 2856 1969 2890 theo-

208 2911 361 2955 logicum
392 2926 576 2954 „enarrare
602 2914 709 2948 simul
736 2917 771 2948 et
808 2915 944 2949 dictare
971 2914 1128 2959 coepit“;
1166 2914 1277 2958 quod,
1319 2917 1532 2957 „antequam
1559 2911 1826 2951 absolveretur,
1864 2909 1970 2943 11111110

208 2965 283 3007 ipso
311 2964 344 2997 in
372 2965 482 3005 initio,
511 2970 614 3010 prout
641 2968 893 3001 concinnatum
919 2970 1016 3007 erat,
1044 2967 1203 3011 praelegi
1231 2969 1265 3000 et
1293 2966 1396 3000 citari
1423 2965 1635 3010 incipiebat*⁴
1669 2964 1862 3007 (Polaticus
1888 2962 1909 2996 l.
1940 2974 1969 2997 c.

210 3016 256 3054 ll,
290 3017 368 3050 567.
398 3019 493 3061 569).
546 3019 643 3053 Haec
671 3032 783 3063 usque
811 3020 926 3054 adhuc
953 3020 1076 3064 ignota
1102 3022 1214 3053 erant.
1260 3020 1456 3053 Suc-chinus
1482 3018 1592 3051 refert
1620 3016 1800 3050 Canisium
1833 3015 1906 3056 „bis
1934 3016 1968 3049 in

209 3068 446 3103 hebdomada*
478 3071 618 3106 scholas
647 3072 679 3105 iu
708 3073 889 3107 academia
916 3073 1085 3106 habuisse
1115 3072 1182 3115 (De
1210 3073 1285 3105 vita
1313 3071 1445 3105 Canisii
1473 3083 1504 3115 p.
1525 3070 1597 3113 65).
1634 3068 1736 3102 Domi
1762 3068 1969 3102 inferiOrum

209 3121 375 3155 classium
405 3125 665 3166 praefectui·ain
694 3126 860 3168 gerebat:
890 3126 970 3159 vide
998 3125 1099 3165 infra,
1127 3136 1281 3159 monum.
1309 3124 1364 3158 92.
