2113 3430
533 216 611 250 171.
647 215 810 250 Canisius
837 215 992 249 Martino
1020 214 1174 250 Cromer.
1218 215 1273 249 27.
1300 214 1435 260 Aprilis
1463 215 1564 248 1555.
1841 215 1924 256 535

167 332 264 366 illam
282 331 534 366 Lamormainii
561 332 750 377 epistulam
776 332 907 366 iterum
934 332 1121 366 ediderunt
1138 334 1157 366 ¹.
1192 332 1264 366 Res
1291 343 1430 376 quoque
1456 331 1565 376 ipsae,
1593 341 1684 375 quae
1710 328 1926 369 scribuntur,

168 388 204 420 et
228 386 358 426 verba,
394 386 522 429 quibus
549 386 800 426 enuntiantur,
840 385 975 429 aliquid
1009 385 1223 430 suspicionis
1250 385 1408 419 excitare
1434 386 1596 429 possunt.
1646 382 1771 427 Neque
1806 384 1926 416 tamen

167 438 256 472 haec
281 441 354 472 tam
383 438 509 482 gravia
536 450 614 472 esse
640 438 726 472 mihi
753 438 942 478 videntur,
982 441 1021 472 ut
1047 449 1178 481 negare
1205 439 1355 472 audeam
1382 437 1574 482 epistulam
1600 447 1809 480 germanam
1836 446 1926 469 esse.

167 491 259 525 Fieri
286 494 446 536 poterat,
484 494 524 525 ut
551 491 716 526 Canisius
751 491 887 535 aliquid
922 491 1124 525 huiusmodi
1149 491 1270 525 Natali
1297 494 1333 525 et
1358 490 1480 525 Lainio
1506 490 1681 524 scriberet
1706 488 1827 523 italico
1853 499 1928 522 ser-

167 556 269 578 mone
297 564 339 567 —
365 555 448 578 nam
474 545 582 578 etiam
610 545 652 578 ad
681 544 713 578 S.
741 544 920 588 Ignatium
947 546 983 577 et
1008 544 1052 578 ad
1078 544 1275 578 Polancum
1301 544 1394 578 haud
1421 555 1501 577 raro
1526 542 1647 577 italice
1677 541 1858 576 scribebat
1883 561 1927 564 —

167 600 276 641 utque
294 597 480 641 Augustae
507 609 569 642 per
594 597 754 642 legatum
779 597 835 631 vel
862 597 1068 642 episcopum
1096 597 1324 631 labacensem
1349 597 1408 631 vel
1436 597 1545 630 alium
1564 595 1755 630 Societatis
1773 594 1927 629 amicum

167 650 274 684 huius
300 650 475 694 epistulae
501 651 628 684 notitia
653 651 712 685 vel
739 650 940 693 exemplum
968 650 1112 693 aliquod
1139 650 1183 684 ad
1210 650 1451 684 consiliarium
1487 649 1641 692 aliquem
1677 648 1736 682 vel
1772 647 1928 682 aulicum

167 702 381 737 Ferdinandi
406 704 629 748 perveniret,
656 704 716 748 qui
742 703 835 738 clam
860 702 1134 737 Lutheranismo
1160 703 1325 737 addictus
1351 705 1446 744 erat,
1473 702 1604 746 quique
1631 701 1832 735 versionem
1858 701 1929 745 epi—

168 755 284 790 stulae
311 756 390 801 plus
417 756 533 791 minus
560 758 766 791 accuratam
792 755 988 790 confecerit
1013 767 1055 789 ac
1082 767 1161 789 011111
1189 755 1313 789 amicis
1340 755 1667 790 communicaverit.

286 809 327 842 In
354 809 473 843 codice
499 809 561 843 illo
587 809 897 854 guelpherbytano
923 808 1078 853 epistula
1104 808 1159 843 his
1184 809 1302 843 verbis
1320 809 1554 842 terminatur:
1586 807 1765 849 „Viennae
1785 805 1930 840 Calend.

168 861 279 907 April.
308 863 410 895 Anno
438 862 518 896 Chr.
549 863 682 902 1556“;
723 864 759 896 et
792 862 828 896 in
859 861 1125 904 „Unschuldige
1151 861 1437 896 Nachrichten·‘:
1479 861 1660 904 „Viennae
1694 859 1767 894 Cal.
1795 859 1930 904 Aprilis

171 915 315 955 1556“.;
355 918 462 959 atque
490 917 596 949 etiam
624 915 787 960 exemplo
813 914 1040 958 stugartiano
1067 926 1181 948 annus
1209 915 1299 949 1556
1325 915 1529 959 adscriptus
1556 915 1644 948 erat.
1694 913 1734 947 ln
1772 912 1930 955 tigurino

169 970 289 1002 autem
316 968 520 1013 apographo
546 968 668 1002 verbis
699 968 878 1010 „Viennae
905 967 984 1002 Kal.
1012 967 1179 1012 Aprilis.“
1219 979 1333 1002 annus
1361 968 1450 1002 1555
1478 967 1591 1001 altera
1616 978 1723 1000 manu
1751 965 1931 1010 ascriptus

169 1032 248 1055 esse
275 1021 435 1062 videtur;
462 1023 558 1055 certe
584 1023 709 1066 postea
734 1032 842 1054 manu
868 1020 1016 1064 antiqua
1041 1020 1181 1054 deletus
1204 1022 1269 1061 est,
1295 1020 1389 1054 linea
1407 1020 1563 1054 inducta.
1598 1018 1792 1054 Dresdensi
1810 1020 1931 1052 autem

170 1074 333 1118 exemplo
351 1074 533 1108 Kalendae
552 1073 693 1118 Apriles
719 1085 750 1108 a.
772 1074 861 1108 1555
889 1074 1067 1118 ascriptae
1092 1076 1177 1107 sunt
1191 1073 1213 1115 ²,
1239 1073 1346 1118 idque
1372 1076 1479 1107 recte.
1517 1073 1609 1107 Nam
1631 1073 1775 1107 litterae
1794 1070 1928 1105 Canisii

172 1128 225 1160 17.
244 1127 331 1160 Maii
352 1127 441 1162 1556
468 1127 511 1161 ad
531 1126 565 1161 S.
584 1127 764 1171 Ignatium
791 1127 895 1160 datae
911 1127 923 1146 3
948 1127 1101 1171 probant
1120 1126 1301 1161 Canisium
1323 1127 1352 1160 1.
1371 1126 1505 1171 Aprilis
1526 1126 1616 1159 1556
1640 1125 1780 1169 Pragae
1806 1124 1930 1164 fuisse,

171 1192 237 1214 uon
265 1180 445 1222 Viennae;
480 1180 653 1214 Kalendis
688 1182 807 1214 autem
834 1179 1018 1224 Aprilibus
1045 1179 1128 1213 anni
1157 1180 1246 1213 1555
1272 1179 1434 1213 Viennae
1461 1179 1668 1213 morabatur
1682 1180 1705 1212 ⁴².
1757 1177 1809 1212 Ac
1833 1188 1930 1211 men-

170 1233 268 1267 sibus
295 1233 425 1267 Martio
452 1235 487 1267 et
512 1233 627 1278 Aprili
653 1233 736 1267 anni
764 1233 854 1267 1555
882 1232 1046 1267 Canisius
1081 1232 1116 1266 id
1152 1233 1244 1276 egit,
1283 1234 1324 1266 ut
1350 1232 1555 1266 Phauserus
1581 1244 1601 1266 a
1627 1231 1654 1265 F
1657 1231 1850 1265 erdinando
1886 1242 1931 1264 ex

171 1286 251 1320 aula
278 1286 515 1320 Maximiliani
541 1286 782 1331 expelleretur
796 1287 818 1320 ⁵.
862 1286 1059 1329 Relegatus
1086 1288 1142 1320 est
1166 1285 1202 1319 in
1229 1284 1387 1330 Styriam
1414 1297 1434 1319 a
1452 1285 1692 1325 Ferdinand03
1719 1284 1780 1318 sed
1809 1283 1931 1317 eodem

171 1351 262 1373 anno
291 1340 379 1373 1555
406 1341 536 1373 iterum
562 1351 581 1373 a
607 1339 853 1373 Maximiliano
879 1341 1071 1373 revocatus
1084 1339 1108 1380 ⁶,
1135 1341 1170 1372 et
1195 1339 1247 1372 ita
1274 1338 1407 1373 Canisii
1434 1340 1582 1372 conatus
1609 1338 1653 1372 ad
1678 1337 1819 1371 irritum
1844 1336 1931 1370 reci-

172 1393 310 1426 derunt.
346 1392 382 1426 Si
408 1392 520 1436 igitur
538 1392 702 1426 Canisius
728 1404 819 1426 anno
840 1392 929 1426 1556
955 1392 1048 1426 hanc
1075 1391 1266 1437 epistulam
1294 1392 1461 1432 dedisset,
1489 1391 1644 1436 priorum
1664 1390 1805 1424 illorum
1828 1400 1930 1424 cona-

171 1452 271 1478 tuum
298 1447 395 1479 certe
420 1446 637 1480 mentionem
663 1445 821 1489 aliquam
850 1445 1008 1480 fecisset.

292 1498 507 1539 Quaestione
534 1498 706 1543 temporis
732 1499 848 1532 soluta
874 1498 983 1533 etiam
1010 1498 1149 1532 definiri
1175 1509 1281 1543 posse
1307 1497 1467 1538 videtur,
1495 1497 1537 1531 ad
1566 1508 1670 1541 quem
1696 1496 1764 1530 hae
1789 1495 1933 1530 litterae

173 1552 277 1585 datae
303 1551 386 1586 sint.
422 1552 543 1596 Usque
570 1552 686 1586 adhuc
712 1552 778 1586 11οο
803 1552 919 1586 solum
945 1564 990 1586 ex
1017 1551 1191 1596 exemplis
1217 1563 1325 1585 manu
1351 1551 1495 1596 scriptis
1519 1551 1702 1594 cognitum
1726 1551 1803 1583 erat
1828 1549 1933 1583 datas

173 1616 251 1638 esse
277 1605 322 1638 ad
352 1606 587 1646 ⁷.1·everendos
613 1606 752 1650 patres“
783 1605 860 1639 sive
888 1604 1078 1639 Societatis
1104 1604 1184 1638 Iesu
1211 1605 1416 1638 sacerdotes
1451 1604 1635 1648 quosdam.
1687 1602 1774 1636 Cum
1813 1604 1932 1636 autem

173 1669 216 1691 ex
244 1658 399 1702 epistula
433 1658 512 1703 ipsa
547 1660 718 1703 appareat
752 1670 772 1692 a
798 1658 941 1692 Canisio
974 1670 1032 1699 eo,
1071 1657 1131 1692 ubi
1156 1657 1401 1691 Ferdinandus
1435 1669 1500 1691 rex
1530 1657 1683 1700 degebat
1709 1677 1752 1681 —-
1780 1655 1934 1698 degebat

171 1714 256 1744 tunc
282 1711 470 1755 Augustae
497 1711 764 1745 Vindelicorum
791 1732 834 1735 —
862 1713 897 1745 et
923 1711 967 1745 ad
993 1711 1199 1745 sacerdotes
1225 1710 1371 1744 missam
1399 1721 1477 1744 esse
1504 1709 1571 1744 sibi
1606 1709 1820 1749 familiares,
1855 1708 1932 1750 regi

172 1767 370 1808 pergratosy
396 1764 580 1807 religionis
605 1764 898 1805 studiosissimos,
925 1776 1077 1808 cumque
1103 1763 1245 1798 aliunde
1272 1763 1453 1806 cognitum
1480 1763 1528 1797 sit
1554 1763 1649 1797 circa
1673 1762 1767 1796 idem
1790 1763 1934 1805 tempus

171 1816 299 1851 Patres
325 1817 492 1851 Natalem
518 1820 554 1851 et
579 1817 740 1851 Lainium
769 1829 848 1851 cum
876 1818 1005 1851 Ioanne
1032 1818 1177 1851 Morono
1203 1816 1377 1851 cardinali
1402 1817 1522 1860 legato
1548 1817 1752 1858 Augustam
1778 1813 1933 1854 venisse,

172 1870 331 1904 eiusdem
355 1870 542 1913 theologos
566 1870 660 1904 inter
685 1871 828 1904 comitia
853 1871 1014 1911 futuros,
1049 1870 1195 1904 dubium
1222 1881 1300 1904 esse
1326 1870 1389 1904 vix
1414 1870 1552 1914 potest,
1580 1869 1665 1913 quin
1693 1867 1858 1903 Canisius
1886 1866 1933 1910 (si

173 1935 298 1968 reapse
324 1924 432 1958 hasce
458 1923 598 1958 litteras
626 1924 737 1967 dedit)
767 1924 811 1957 ad
850 1924 937 1958 duos
971 1923 1053 1958 illos
1088 1926 1210 1968 patres
1245 1923 1440 1968 scripserit.
1491 1922 1610 1966 Atque
1637 1921 1826 1956 Societatis
1852 1920 1933 1954 Iesu

171 1976 451 2021 historiographi
478 1976 686 2020 gravissimi
711 1976 891 2018 referunt⁷
930 1988 998 2020 quo
1034 1977 1090 2010 die
1115 1976 1257 2011 Natalis
1282 1977 1450 2019 Augusta
1476 1975 1652 2009 Viennam
1679 1975 1852 2009 advectus
1879 1976 1933 2007 est

173 2049 215 2052 v—-
243 2032 345 2064 erant
371 2030 554 2064 Kalendae
580 2030 696 2064 Maiae
724 2051 787 2071 —‚
824 2030 946 2064 eodem
982 2030 1262 2064 contionatorem
1297 2029 1398 2062 illum
1430 2028 1667 2062 Maximiliani
1702 2027 1931 2061 lutheranum

171 2083 310 2116 Vienna
337 2083 558 2124 discessisse,
586 2083 686 2118 cuius
713 2084 927 2117 amandandi
954 2094 1063 2117 causa
1088 2083 1156 2117 hae
1182 2083 1286 2116 datae
1314 2084 1397 2116 sunt
1422 2082 1564 2116 litterae
1581 2082 1603 2116 ⁷.

994 2207 1105 2248 171.

903 2305 1197 2352 CANISIUS

709 2402 1041 2445 MARTINO
1076 2402 1390 2445 CROMER.

800 2500 940 2537 Vienna
967 2502 1020 2536 27.
1047 2500 1187 2548 Aprilis
1214 2500 1304 2536 1555.

291 2583 343 2616 Ex
370 2582 603 2627 autographis
632 2583 713 2625 (2⁰,
740 2595 772 2628 p.
804 2584 832 2624 l,
860 2586 895 2617 et
920 2584 987 2624 4⁰,
1014 2595 1047 2628 p.
1078 2582 1132 2626 1),
1172 2594 1263 2626 quae
1298 2584 1383 2615 sunt
1418 2581 1451 2614 in
1479 2580 1553 2614 cod.
1582 2591 1721 2614 cracov.
1754 2579 1930 2621 „Cromeri

172 2636 311 2680 opisttf
342 2648 374 2669 n.
406 2637 456 2669 11.
485 2638 519 2669 et
547 2635 624 2670 387.
676 2636 772 2678 Quae
800 2636 933 2671 Canisii
959 2647 1086 2670 nomen
1113 2636 1264 2680 primum
1291 2634 1533 2678 subscriptum
1561 2634 1760 2677 sequuntur
1790 2632 1930 2675 („Cate—

294 2771 301 2789 ¹
330 2769 561 2812 L'nsclenldiye
596 2769 832 2801 Nudo-semen
867 2768 888 2802 l.
917 2780 945 2802 c.
982 2780 1015 2813 p.
1041 2768 1245 2807 410—424;
1281 2767 1454 2812 inscripta
1490 2769 1545 2801 est
1583 2766 1669 2809 „Ein
1701 2766 1932 2811 jesuitischer

173 2822 396 2865 h'athschlag
421 2833 500 2854 zum
528 2821 739 2864 L'ntergang
766 2821 828 2854 der
853 2820 1125 2862 Pmtestanten,
1165 2833 1208 2855 ex
1235 2820 1355 2855 MSt&
1387 2823 1421 2854 et
1454 2832 1474 2854 a
1500 2820 1633 2854 Iesuita
1669 2820 1822 2863 quodam
1851 2819 1929 2863 (La-

172 2875 371 2909 mormainii
398 2886 523 2908 nomen
555 2874 748 2919 prudenter
782 2874 967 2917 reticetur)
1006 2874 1048 2908 ad
1085 2873 1194 2908 alium
1219 2873 1389 2907 l'esuitam
1425 2874 1509 2907 data
1545 2884 1623 2907 esse
1658 2873 1786 2907 dicitur
1813 2873 1930 2916 Praga

172 2930 203 2962 ὅ.
231 2928 366 2973 Aprilis
395 2927 484 2962 1628
514 2927 569 2970 (oo
596 2927 762 2961 nimirum
789 2939 899 2967 auno,
938 2938 1007 2971 quo
1034 2927 1188 2971 epistula
1215 2927 1276 2960 illa
1304 2928 1387 2961 ficta
1414 2929 1450 2960 et
1475 2926 1627 2971 primum
1654 2926 1749 2960 edita
1775 2931 1849 2967 est;
1883 2926 1929 2959 cf.

174 2983 391 3015 sseiclemmm
418 2981 439 3014 l.
469 2984 528 3023 c).

291 3035 304 3055 2
330 3036 453 3068 Drmns·
479 3034 500 3067 l.
529 3046 557 3067 c.
586 3046 617 3078 p.
648 3034 762 3067 14535'.
909 3033 921 3053 ³
947 3032 1023 3066 Hae
1050 3033 1143 3066 infra
1170 3035 1355 3077 ponentur.
1502 3034 1513 3052 ⁴
1542 3031 1594 3066 Cf.
1622 3043 1731 3077 supra
1756 3044 1789 3077 p.
1817 3032 1895 3065 524.

292 3088 304 3107 ⁵
330 3087 443 3132 Supra
471 3099 503 3131 p.
531 3087 728 3120 5‘24—527.
874 3086 886 3105 ⁰
913 3087 1085 3119 Iseimamz
1115 3086 1136 3120 l.
1165 3098 1192 3119 0.
1220 3098 1252 3130 p.
1281 3086 1348 3119 9¹⁰.

292 3141 304 3160 Τ
334 3141 555 3174 Orlatzrlitms
589 3139 610 3173 l.
639 3152 667 3173 0.
703 3139 724 3172 l.
755 3140 816 3175 15,
852 3151 885 3172 n.
912 3139 966 3173 28.
1021 3140 1234 3182 Sacehinns,
1271 3138 1354 3172 Can.
1383 3150 1415 3183 p.
1446 3138 1521 3173 100.
1572 3138 1680 3172 Plura
1718 3138 1797 3172 vide
1824 3138 1930 3179 infra,

174 3204 325 3228 monum.
354 3193 409 3227 87.
