2113 3430
847 223 900 258 12.
928 223 1083 267 Augusti
1112 223 1214 257 1545.
1827 220 1909 260 159

150 341 408 384 Benedictus
431 343 577 383 autem
598 340 731 381 Pater
752 339 871 381 Deus
894 339 1013 392 cujus
1036 338 1181 392 gratia
1211 337 1359 379 multis
1392 337 1541 378 diebus
1574 334 1761 389 experiri
1793 334 1912 376 licuit

149 405 453 448 suavissimum
495 404 737 447 convictum
780 404 1132 446 Reverendorum
1163 403 1342 445 Patrum
1376 401 1547 443 Domini
1578 399 1829 442 Bobadillae
1871 401 1913 441 et

150 473 202 514 D.
236 470 400 513 Claudii
419 471 446 512 1.
521 470 571 511 In
614 468 756 523 priore
801 468 1033 522 singularis
1077 466 1238 521 ingenii
1283 465 1541 515 acrimonia,
1588 464 1826 506 disserendi
1870 467 1912 506 et

146 534 365 590 judicandi
397 534 480 585 vis,
515 533 646 576 animi
678 532 944 587 simplicitas,
979 547 1143 574 morum
1178 531 1338 574 candor
1370 533 1414 572 et
1446 532 1575 583 grata
1608 528 1773 571 cunctis
1806 529 1913 570 affa-

152 601 317 649 bilita.s;
360 599 403 641 in
443 598 683 653 posteriore
722 612 801 640 nec
843 597 994 639 eadem
1028 597 1225 646 defuere,
1267 610 1346 638 nec
1387 594 1652 637 admirabilis
1693 593 1914 635 humilitas

151 665 277 707 laude
310 663 469 714 caruit,
502 678 580 705 nec
613 662 858 717 eloquentia
890 661 1146 711 desiderari,
1180 675 1258 703 nec
1291 659 1467 715 pietatis
1499 659 1678 708 fructus
1713 661 1757 700 et
1789 672 1914 700 exer-

154 730 255 772 citia
296 730 435 772 latere
475 731 722 783 potnerunt.
785 726 891 769 Mihi
935 730 1051 769 certe
1092 726 1327 767 maximam
1368 724 1518 767 attulit
1559 724 1829 777 voluptatem
1871 726 1913 765 et

153 794 425 837 conversatio
458 796 502 836 et
534 792 836 835 sermocinatio
868 791 1040 833 Domini
1073 791 1236 832 Claudii
1278 804 1448 844 semper
1485 788 1662 843 pietatis
1695 791 1738 830 et
1771 788 1915 829 dulce-

155 859 266 901 dinis
304 859 446 913 plena.
509 857 663 911 Neque
692 857 797 898 mihi
828 856 988 907 solum,
1031 855 1107 897 sed
1138 855 1409 896 Ferdinando
1442 853 1574 907 Regi,
1618 853 1692 894 sed
1727 851 1914 902 Caesari,

154 924 230 966 sed
270 922 656 978 praestantissimis
698 921 935 974 quibusque
976 919 1081 961 viris
1123 919 1230 961 adeo
1270 920 1472 973 placuere
1513 919 1564 960 D.
1608 916 1772 959 Claudii
1814 930 1914 958 con-

156 989 321 1039 ciones,
365 1001 472 1041 quas
513 987 662 1028 diebus
703 985 828 1028 festis
859 985 991 1027 habet
1031 984 1198 1034 italice,
1241 986 1289 1026 ut
1320 984 1483 1025 nullum
1514 981 1721 1037 precandi
1751 981 1914 1023 faciant

154 1056 304 1100 finem,
347 1053 448 1106 quin
488 1052 601 1094 idem
641 1065 750 1104 quae
783 1049 940 1092 dixerit
981 1050 1025 1091 in
1057 1048 1219 1102 scripta
1250 1048 1422 1101 redigat
1455 1062 1505 1090 ac
1536 1047 1721 1101 legenda.
1752 1046 1914 1089 tradat.

155 1120 268 1161 Dum
290 1118 377 1160 illic
398 1118 608 1166 adessem,
640 1130 743 1158 usus
776 1118 842 1158 est
873 1129 970 1157 mea
1000 1114 1043 1156 in
1076 1113 1300 1155 scribendo
1334 1127 1476 1167 opera,
1510 1116 1557 1154 ut
1588 1113 1668 1154 hoc
1694 1126 1771 1166 pro
1796 1114 1915 1154 certo

157 1197 311 1237 queam
353 1182 404 1224 de
444 1182 517 1224 illo
558 1181 838 1236 pronuntiare
851 1181 879 1222 2.
943 1180 1102 1222 Parum
1146 1178 1284 1221 abfuit
1326 1178 1427 1231 quin
1468 1192 1552 1219 una
1585 1192 1680 1219 cum
1711 1177 1804 1231 ipso
1837 1176 1916 1218 sim

158 1248 377 1303 profectus
411 1247 465 1289 ad
497 1246 729 1289 Concilium
763 1244 1084 1295 Tridentinum3
1127 1243 1188 1285 sic
1229 1243 1341 1285 enim
1383 1244 1598 1285 statuerat
1630 1241 1917 1284 Reverendis—

158 1314 291 1355 simus
313 1311 551 1355 Cardinalis
574 1312 878 1364 Augustanus;
912 1324 1063 1351 verum
1094 1308 1252 1350 idcirco
1275 1307 1462 1350 mutavit
1485 1307 1759 1356 sententiam,
1791 1306 1916 1359 quod,

160 1393 256 1420 cum
288 1377 432 1420 Patris
473 1391 524 1419 ac
554 1375 855 1430 Praeceptoris
895 1375 988 1416 loco
1030 1374 1189 1416 habeat
1225 1374 1277 1415 D.
1312 1372 1554 1420 Claudium,
1598 1375 1645 1413 ut
1685 1371 1776 1425 ipse
1816 1370 1919 1412 mihi

158 1445 348 1486 testatus
392 1445 483 1492 est,
528 1443 704 1495 putaret
746 1440 872 1495 hujus
917 1439 1140 1482 consilium
1180 1438 1470 1493 judiciumque
1512 1437 1591 1479 sibi
1632 1436 1918 1478 necessarium

159 1508 252 1550 fore
293 1507 329 1549 si
369 1521 439 1549 res
472 1520 567 1548 cum
599 1505 857 1548 Lutheranis
890 1507 1018 1547 esset.
1068 1504 1293 1546 Hactenus
1324 1517 1403 1544 nec
1434 1503 1800 1551 Lutheranorum,
1843 1515 1920 1542 ne(-

162 1573 474 1615 Germanorum
506 1571 750 1625 Principum
784 1570 859 1612 ulli
891 1583 1000 1624 pene
1033 1568 1216 1611 comitiis
1248 1568 1459 1610 interesse
1492 1569 1765 1609 curaverunt.
1808 1566 1920 1607 Hae-

160 1637 281 1680 retici
316 1639 566 1690 contempta
598 1635 796 1678 Caesaris
837 1634 1099 1678 auctoritate
1142 1633 1368 1676 concilium
1409 1633 1524 1674 ferre
1556 1632 1693 1673 modis
1726 1631 1921 1673 omnibus

160 1704 375 1753 recusant,
409 1705 453 1744 et
484 1715 537 1743 ne
568 1700 674 1742 nihil
706 1714 837 1754 agere
859 1699 1102 1749 videantur,
1136 1698 1179 1740 in
1210 1697 1415 1752 parandis
1448 1697 1578 1739 armis
1612 1699 1654 1738 et
1685 1695 1923 1738 muniendis

161 1767 266 1810 locis
298 1767 386 1809 suis
417 1766 500 1809 toti
532 1768 654 1815 sunt,
698 1779 747 1807 eo
780 1765 893 1818 quod
936 1763 1139 1806 credibile
1171 1763 1227 1806 sit
1259 1765 1428 1805 aestate
1467 1762 1665 1816 proxima
1697 1761 1923 1803 Caesarem

163 1833 214 1874 de
255 1826 427 1874 illorum
467 1832 715 1885 contemptu
753 1844 800 1872 se
831 1829 1171 1879 vindicaturum,
1215 1830 1263 1870 ut
1295 1827 1472 1870 maximi
1506 1841 1674 1880 quoque
1705 1828 1925 1868 testantur

163 1897 257 1940 viri.
302 1896 601 1946 Procuhiubio,
635 1895 671 1937 si
694 1895 1006 1937 Germanorum
1037 1893 1212 1936 licentia
1244 1907 1328 1934 non
1360 1893 1535 1935 tandem
1558 1892 1601 1933 vi
1623 1891 1924 1946 reprimatur3.

164 1961 365 2004 clementi
409 1960 583 2003 Caesari
627 1959 764 2002 omnis
807 1959 875 2001 hic
922 1959 1035 2013 perit·
1078 1958 1330 2001 auctoritas.
1393 1957 1456 2000 Ut
1501 1957 1551 1998 de
1595 1956 1755 1999 nostris
1799 1956 1926 1997 rebus

165 2026 351 2069 maxime
374 2025 525 2076 dicam,
558 2024 729 2078 utrique
750 2025 929 2067 Patrum
957 2024 1045 2078 jam
1071 2023 1282 2066 dictorum
1305 2025 1396 2065 tam
1428 2036 1568 2063 meam
1592 2035 1718 2074 quam
1743 2020 1924 2063 fratrum

166 2091 454 2134 conditionem
501 2089 680 2144 exposui
692 2091 720 2132 4.
784 2089 1117 2144 Responderunt
1157 2088 1237 2130 sibi
1277 2088 1405 2142 plane
1439 2087 1679 2129 consultum
1712 2085 1847 2127 videri
1880 2087 1926 2126 ut

166 2157 279 2198 circa
312 2156 543 2198 Octobrem
578 2154 766 2197 Parisios
799 2154 960 2196 abirem
994 2154 1270 2196 absoluturus
1302 2167 1397 2194 mea
1431 2151 1592 2202 studia,
1628 2165 1807 2204 quorum
1839 2149 1927 2204 pri-

166 2235 280 2263 mam
302 2220 662 2275 praecipuamque
684 2219 897 2262 rationem
929 2233 1040 2261 nunc
1071 2218 1313 2260 habendam
1347 2232 1441 2259 esse
1474 2217 1701 2259 duxerunt.
1752 2216 1928 2257 Fratres

167 2286 275 2329 alios
307 2300 392 2328 non
424 2285 553 2327 facile
584 2284 652 2326 hic
685 2284 987 2337 relinquendos
1021 2287 1253 2338 propterea
1285 2285 1516 2337 putarunt,
1561 2282 1673 2335 quod
1707 2280 1812 2323 certi
1844 2294 1927 2321 non

168 2351 371 2393 adessent
403 2350 641 2392 studiorum
683 2364 734 2392 ac
767 2349 884 2391 vitae
917 2352 1132 2403 sumptus,
1168 2348 1336 2402 quando
1369 2348 1579 2389 hactenus
1612 2361 1637 2388 a
1668 2360 1736 2387 me
1768 2344 1927 2386 fuerint

169 2416 385 2458 mensibus
419 2415 582 2469 aliquot
623 2414 907 2458 sustentandi.
973 2414 1246 2468 Scripserunt
1278 2413 1320 2454 in
1352 2413 1463 2454 hanc
1496 2411 1754 2454 sententiam
1788 2410 1929 2451 Reve-

294 2571 304 2591 ¹
330 2570 368 2604 P.
407 2569 594 2604 Nicolaum
632 2569 855 2604 Bobadillam
891 2568 1060 2602 veranus
1097 2567 1253 2602 Nuntius
1291 2567 1514 2602 Vormatiani
1552 2577 1673 2599 secum
1713 2565 1929 2604 adduxerat;

173 2624 212 2658 l'.
239 2623 427 2658 Claudium
462 2622 574 2656 laium
609 2621 694 2656 Otto
730 2621 922 2656 cardinalis
958 2624 992 2655 et
1028 2621 1216 2666 episcopus
1252 2624 1475 2663 augustanus
1510 2619 1653 2661 Dilinga
1692 2617 1931 2651 accersiverat

175 2677 317 2721 (Boot-0,
344 2675 553 2718 Bobadiglia
579 2687 612 2720 p.
641 2675 714 2718 34).

293 2730 307 2750 2
333 2729 371 2763 P.
400 2728 568 2763 Claudius
595 2728 691 2762 laius
716 2729 792 2773 ipse
819 2729 863 2762 ad
889 2728 923 2762 S.
951 2727 1131 2771 Ignatium
1166 2727 1304 2761 rettulit
1342 2727 1382 2760 dc
1419 2725 1642 2760 contionibus
1667 2723 1873 2758 Yormatiae
1912 2737 1929 2757 a

174 2796 212 2818 se
231 2782 374 2823 habitis,
401 2780 583 2815 exercitiis
601 2780 846 2826 spiritualibus
864 2781 1019 2821 traditis,
1039 2780 1321 2815 confessionibus
1340 2778 1568 2823 generalibus
1586 2777 1765 2822 cxcc1›tis;
1792 2776 1932 2810 litteras

176 2837 252 2871 eius
278 2835 360 2869 vide
387 2834 479 2879 apud
506 2835 631 2877 Boero,
658 2834 730 2868 laio
757 2846 790 2879 p.
818 2834 976 2875 76-80;
1013 2834 1057 2868 cf.
1086 2834 1194 2868 etiam
1220 2834 1368 2867 Polam·
1395 2831 1591 2865 chronicon
1619 2830 1651 2871 I,
1693 2830 1770 2864 1:34.
1820 2829 1930 2863 laium

175 2892 260 2924 tunc
286 2889 452 2931 aegrotos
478 2886 669 2929 diligenter
694 2898 838 2921 curasse
865 2889 899 2921 et
926 2886 1089 2931 exemplo
1116 2886 1213 2920 vitae
1239 2898 1323 2919 suae
1350 2885 1481 2918 inultos
1507 2884 1551 2917 ad
1587 2883 1774 2918 ecclesiam
1813 2882 1932 2916 catho-

177 2941 281 2976 licam
308 2940 494 2975 reduxisse
521 2952 551 2974 a.
573 2940 662 2973 1575
688 2939 807 2984 palam
829 2941 985 2974 testatus
1013 2942 1066 2974 est
1095 2939 1203 2974 etiam
1222 2940 1259 2972 L.
1280 2939 1318 2972 B.
1338 2938 1485 2972 Seibert.
1517 2937 1679 2971 minister
1697 2935 1931 2970 calvinianus.

177 2995 268 3041 apud
297 2996 447 3029 szssen
476 2993 498 3027 l.
526 3005 554 3027 c.
582 2992 642 3034 IV,
669 2992 747 3026 384.

297 3048 310 3068 3
335 3047 374 3081 Id
400 3058 526 3091 reapse
552 3046 687 3079 factum
714 3047 768 3079 est
794 3057 885 3079 anno
913 3047 1002 3080 1546
1030 3048 1064 3080 et
1093 3046 1182 3079 1547
1209 3045 1243 3078 in
1271 3043 1362 3077 bello
1394 3043 1676 3085 „analcaldicoffl

297 3101 309 3120 ‘¹
336 3099 540 3133 Leonardus
566 3098 694 3132 Kessel
712 3098 751 3132 B.
771 3098 877 3132 Petro
896 3098 1010 3132 Fabro
1037 3098 1182 3133 Colonia
1202 3098 1255 3131 13.
1276 3096 1429 3130 Ianuarii
1451 3096 1559 3130 1545:
1591 3094 1790 3138 „Quomodo
1815 3094 1931 3128 studia

180 3152 442 3188 Coloniensium
469 3163 507 3185 se
533 3151 699 3192 habeant,
727 3153 812 3195 puto
838 3151 876 3185 P.
905 3163 939 3185 v.
965 3152 1053 3185 bene
1080 3151 1181 3185 scire.
1232 3149 1371 3183 Vellem
1398 3149 1487 3183 bene
1513 3148 1629 3192 inagis
1658 3149 1844 3192 proficere:
1872 3146 1932 3181 scd

180 3205 362 3241 committo
388 3216 444 3239 me
470 3204 631 3239 totaliter
658 3204 695 3238 P.
724 3205 776 3237 v.“
811 3202 953 3247 (Cartas
980 3204 1033 3238 dcl
1062 3206 1103 3238 B.
1131 3205 1169 3237 P.
1198 3204 1310 3236 Pedra
1338 3203 1457 3235 Fabrn
1484 3202 1509 3242 I,
1535 3202 1633 3243 427).
