2113 3430
216 207 298 248 160
791 204 847 237 24.
882 203 1048 238 Cauisius
1074 202 1114 237 B.
1142 202 1250 237 Petro
1275 203 1400 238 Fabro.

212 321 343 363 reudo
377 321 422 363 P.
457 320 762 375 Praepositol,
805 322 853 362 ut
892 320 1036 371 brevi,
1080 319 1115 361 si
1148 320 1248 373 quid
1286 320 1368 375 ipsi
1399 321 1538 363 visum
1580 325 1717 374 esset,
1761 323 1813 365 de
1853 323 1976 366 nobis

212 388 438 428 statueret.
517 385 697 428 Interim
745 385 799 427 ad
847 384 1168 428 Promotionem
1215 385 1612 430 Bacchalaureatus
1658 402 1727 430 me
1772 388 1977 442 progredi

207 452 442 505 jusserunt.
507 451 565 493 Et
598 450 767 504 quando
801 450 927 492 amici
958 449 1095 492 nostri
1127 449 1347 504 praecipui
1378 451 1525 493 multis
1557 453 1694 495 modis
1726 453 1875 495 eodem
1908 467 1976 495 me

210 516 452 570 propellere
493 515 703 558 hactenus
738 529 823 556 non
865 517 1112 565 cessarunt,
1156 514 1353 568 acquievi
1389 516 1588 566 tandem,
1630 519 1678 559 ut
1710 517 1857 567 debui,
1900 517 1975 560 sed

211 580 505 634 gratissimum
539 581 622 623 erit
654 580 755 622 mihi
788 580 915 621 modo
947 580 1196 622 Paternitas
1229 580 1322 622 Tua
1359 580 1439 622 hoc
1471 580 1638 623 facinus
1671 583 1973 637 comprobarit.

211 646 440 688 Promotus
463 649 607 688 autem
631 645 776 700 rapior
797 645 851 687 ad
874 645 1125 688 Lectionum
1149 644 1349 695 officium,
1382 645 1443 687 ita
1471 648 1519 688 ut
1541 646 1720 700 singulis
1740 647 1974 690 hebdoma-

211 711 334 752 dibus
356 711 495 753 tribus
519 711 667 752 diebus
689 710 791 751 mihi
815 710 1053 752 docendum
1086 710 1142 752 sit
1172 709 1216 750 in
1238 709 1396 752 scholis
1418 710 1734 764 Theologorum
1747 712 1776 755 2.
1821 713 1973 754 Habeo

210 775 343 828 igitur
386 789 490 830 prae
534 775 731 817 manibus
777 789 878 817 vere
922 788 1099 817 auream
1146 774 1265 816 illam
1309 774 1436 817 Beati
1479 775 1603 817 Pauli
1635 776 1875 831 Epistolam
1919 777 1973 819 ad

210 840 513 883 Thimotheum
527 842 554 883 3.
601 840 687 882 Alii
719 840 1008 893 frequentiam
1041 839 1286 882 auditorum
1318 840 1599 882 admirantur.
1648 841 1697 882 In
1729 841 1818 884 dies
1851 856 1973 884 acce-

210 906 317 948 dunt
348 907 506 960 plures,
541 920 670 958 quum
702 905 831 947 lectio
859 905 916 948 sit
936 904 1120 959 publica.
1165 903 1400 946 Conciones
1432 905 1475 946 111
1497 905 1708 960 Capitolio
1742 920 1973 959 germanas

210 971 420 1012 hactenus
461 984 694 1023 numquam
734 969 991 1018 intermissi;
1034 969 1264 1012 lectionem
1304 969 1347 1011 in
1388 970 1613 1012 Matthaeo
1656 970 1782 1013 festis
1824 971 1971 1014 itidem

211 1036 359 1078 diebus
381 1037 586 1090 profiteor
607 1035 651 1076 in
675 1034 908 1089 Gymnasio
922 1035 950 1077 4.
994 1035 1229 1077 Praeterea
1261 1034 1441 1088 singulis
1463 1035 1800 1077 hebdomadibus
1829 1050 1973 1078 coram

210 1100 432 1154 Magistris
464 1100 653 1142 nostris5
684 1099 787 1141 mihi
820 1099 1155 1154 disputandum6
1187 1102 1266 1142 est.
1324 1099 1468 1141 Facile
1497 1100 1692 1154 judicatu
1729 1103 1797 1143 est
1838 1115 1973 1154 quan-

209 1169 300 1208 tum
333 1165 496 1218 negotii
528 1165 635 1207 haec
677 1165 898 1207 facessant
929 1164 1068 1207 Unius
1100 1164 1330 1218 ingeniolo.
1396 1165 1478 1207 Sed
1511 1165 1614 1207 mihi
1647 1165 1770 1207 dulce
1801 1165 1974 1208 videtur

208 1245 285 1284 pro
330 1230 538 1285 proximis
579 1230 815 1283 quamlibet
859 1243 1059 1284 asperam
1103 1229 1268 1272 servire
1312 1229 1590 1280 servitutem,
1635 1230 1893 1284 praesertim
1936 1230 1971 1272 si

210 1296 463 1337 Reverendo
496 1295 616 1338 Patri
649 1309 743 1337 meo
776 1295 827 1337 D.
861 1295 1014 1346 Fabro⁷
1049 1294 1121 1348 qui
1143 1294 1359 1337 Christum
1391 1294 1435 1336 in
1467 1309 1535 1336 me
1568 1298 1699 1346 amat,
1732 1295 1972 1349 gratificari

209 1375 378 1413 quoquo
426 1360 552 1402 modo
594 1360 768 1414 possim.
832 1360 953 1402 Haec
986 1374 1191 1414 praesens
1223 1360 1430 1414 probares
1471 1362 1515 1402 et
1545 1360 1590 1401 in
1621 1360 1686 1402 his
1717 1374 1786 1403 me
1818 1361 1972 1403 confir-

207 1439 350 1467 mares
390 1425 552 1479 opinor.
625 1425 743 1466 Nihil
785 1425 919 1478 igitur
959 1425 1062 1466 mihi
1103 1425 1278 1475 durum,
1321 1425 1391 1466 vel
1432 1424 1608 1467 nimium
1650 1425 1754 1476 erit,
1797 1425 1832 1467 si
1869 1428 1973 1468 tuae

208 1490 423 1533 voluntati
467 1490 734 1544 respondens
779 1490 1054 1532 Colonienses
1093 1490 1261 1544 juvero.
1337 1489 1554 1540 Quantum
1600 1490 1666 1532 his
1712 1493 1760 1533 tu
1803 1490 1970 1541 faveas,

207 1555 415 1609 preceris,
459 1557 503 1597 et
543 1555 747 1609 prodesse
788 1569 866 1609 per
905 1558 950 1597 te
990 1558 1174 1608 tuosque
1207 1555 1376 1609 cupias,
1418 1569 1487 1596 me
1519 1555 1689 1608 quidem
1730 1570 1816 1598 non
1846 1556 1969 1599 latet.

207 1620 385 1663 Utinam
419 1634 470 1662 ea
510 1634 630 1662 mens
664 1622 780 1662 esset
812 1620 1066 1662 Reverendo
1098 1619 1220 1662 Patri
1253 1620 1435 1661 Domino
1467 1621 1653 1671 Alvaro‚
1696 1623 1766 1670 ut,
1807 1634 1972 1662 memor

207 1699 375 1739 quoque
409 1685 718 1727 desideriorum
750 1688 944 1736 tuorum,
980 1685 1181 1727 Coloniae
1212 1687 1352 1727 totam
1383 1685 1519 1727 vitam
1552 1689 1596 1728 et
1628 1685 1816 1739 quietem
1848 1699 1969 1727 suam

206 1753 497 1793 conservaret.
560 1750 686 1792 Nunc
718 1750 823 1792 nihil
855 1750 995 1792 minus
1027 1750 1222 1792 facturus
1264 1749 1386 1792 nobis
1424 1750 1608 1793 videtur.
1673 1750 1794 1800 Quod
1824 1749 1861 1792 si
1893 1751 1969 1792 ob-

207 1815 394 1858 edientia
417 1830 485 1857 me
518 1829 601 1857 non
634 1815 732 1857 hinc
755 1815 983 1858 abstrahat
1006 1814 1164 1868 (dicam
1185 1815 1337 1868 libere)
1359 1815 1432 1857 uni
1463 1816 1538 1857 sed
1562 1815 1748 1858 Sanctae
1769 1815 1970 1857 Coloniae

205 1881 374 1923 tradam
403 1881 484 1922 hoc
516 1881 829 1934 corpusculum,
861 1881 972 1922 hanc
999 1880 1245 1931 animulam,
1280 1893 1405 1922 omne
1436 1882 1620 1935 tempus,
1655 1894 1780 1922 sacra
1812 1880 1968 1930 studia,

205 1959 273 1987 me
304 1949 445 1988 totum
479 1945 661 1998 denique
694 1945 903 1997 vivendo,
945 1945 1188 1996 moriendo,
1234 1945 1446 1995 docendo,
1488 1945 1708 1998 vigilando
1747 1948 1969 1988 servatum

204 2011 366 2064 putabo
399 2010 743 2059 Coloniensibus;
786 2010 957 2063 quibus,
992 2010 1027 2052 si
1059 2014 1106 2053 tu
1138 2013 1309 2052 tantum
1341 2010 1441 2052 boni
1471 2010 1685 2065 precaris,
1720 2024 1800 2064 ego
1832 2010 1968 2053 multo

205 2076 371 2129 inaJ'ora
403 2076 550 2126 debeo,
583 2076 761 2130 majora,
794 2075 983 2129 inquam,
1017 2090 1146 2129 quam
1177 2090 1254 2130 per
1285 2076 1444 2118 multos
1477 2075 1608 2118 etiam
1645 2075 1824 2117 reddere
1852 2075 1968 2129 juste

205 2141 377 2194 possim.
442 2140 658 2191 Reddam,
691 2154 818 2190 vero,
853 2140 895 2181 ni
927 2140 1076 2190 fallor,
1111 2143 1203 2182 tum
1234 2140 1442 2191 maxime,
1476 2140 1511 2182 si
1545 2140 1856 2183 commilitones
1889 2140 1968 2182 ali-

205 2209 309 2258 quot
341 2208 385 2248 et
416 2205 542 2259 hujus
573 2209 749 2248 nostrae
783 2205 1014 2248 Societatis
1047 2205 1276 2260 discipulos
1309 2219 1575 2259 congregare
1606 2205 1763 2248 licebit.
1827 2206 1966 2247 Bene-

327 2345 334 2364 ¹
363 2343 576 2385 S.1g11atio.

324 2397 336 2416 2
364 2396 528 2431 Canisius
554 2397 609 2430 ⁴26.
638 2396 727 2430 lunii
757 2397 846 2430 1545
887 2396 1136 2438 „Baccalarius
1170 2396 1342 2431 1,1111110115“ι
1380 2396 1499 2430 factus
1535 2398 1590 2430 est
1624 2398 1660 2430 et
1695 2396 1725 2430 8.
1762 2395 1842 2429 Iulii
1875 2396 1963 2429 1545

205 2448 346 2483 scholas
372 2449 523 2484 biblicas
549 2449 691 2494 incepit.
743 2449 833 2483 Vide
859 2449 964 2491 infra,
990 2461 1144 2483 monum.
1175 2450 1227 2484 112.

325 2504 336 2521 ³
362 2502 563 2547 Epistulam
590 2503 742 2547 priorem
770 2503 974 2545 significare
1001 2502 1152 2536 videtur.
1192 2503 1243 2536 Ita
1270 2504 1305 2536 et
1332 2502 1375 2536 ad
1402 2502 1566 2536 comitem
1592 2504 1814 2536 montensem
1840 2501 1966 2535 scribit

204 2555 245 2589 ‘lc
277 2555 483 2596 ‚charitatis
511 2556 655 2599 energia
681 2567 701 2589 a
726 2555 777 2590 D:
814 2556 984 2600 Apostolo
1010 2555 1232 2600 praescripta
1259 2555 1304 2589 ad
1330 2567 1400 2589 cor.
1430 2555 1491 2589 13·ι
1525 2555 1649 2599 (supra
1674 2567 1707 2599 p.
1737 2554 1840 2598 134);
1876 2554 1965 2588 hacc

204 2613 322 2642 autem
350 2609 606 2653 praescribitur
631 2609 666 2642 in
694 2609 810 2654 capite
840 2609 892 2643 13.
920 2609 1047 2654 prioris
1074 2608 1249 2653 epistulae
1276 2608 1319 2642 ad
1347 2608 1548 2642 Corinthios
1575 2608 1690 2642 datae.

323 2663 333 2681 ⁴
362 2662 542 2696 Montano.

323 2715 334 2732 ⁵
361 2715 399 2748 ld
435 2718 489 2749 est
530 2714 581 2758 (ni
608 2714 728 2758 fallor)
767 2726 885 2749 coram
911 2714 1113 2758 theologiae
1148 2714 1333 2758 magistris
1373 2716 1474 2756 „actu
1510 2714 1751 2757 regentibus‘,
1789 2713 1866 2747 sive
1902 2713 1962 2756 qui

209 2767 424 2805 *ordimirias
459 2768 649 2802 lectiones*
691 2768 733 2801 de
770 2767 878 2802 rebus
917 2768 1116 2812 praecipuis
1154 2767 1213 2801 vel
1250 2767 1464 2801 necessariis
1505 2766 1716 2811 („lectiones
1752 2765 1960 2808 formales‘)

204 2820 393 2854 habebant.

324 2874 335 2891 '³
368 2873 601 2907 ..Ordiuamus
628 2874 720 2917 quod
757 2874 967 2907 vacaciones
1002 2885 1131 2917 magno
1166 2872 1337 2907 cstivales
1371 2873 1444 2906 sint
1478 2873 1579 2906 iuxta
1613 2872 1721 2906 ritum
1747 2870 1961 2905 Parisiensis

204 2924 328 2965 Stadii,
357 2939 375 2958 a
404 2926 526 2969 vigilia
555 2927 804 2971 Apostolorum
833 2927 930 2960 Petri
958 2929 993 2960 et
1019 2926 1121 2960 Pauli
1148 2938 1260 2970 usque
1287 2926 1331 2959 ad
1358 2925 1553 2960 crastinum
1573 2924 1810 2959 Exaltationis
1836 2928 1960 2957 sancte

205 2979 329 3011 Crucis·
357 2978 539 3012 inclusiva.
595 2980 678 3013 {tem
707 2980 910 3013 ordinamus
937 2980 1029 3023 quod
1057 2980 1089 3012 in
1118 2979 1369 3013 vacacionibus
1403 2978 1543 3022 magnis
1577 2978 1665 3011 fiant
1701 2976 1960 3021 disputationes

204 3043 266 3075 per
297 3031 499 3064 liacalarius
526 3033 568 3065 ad
595 3033 736 3066 modum
764 3045 831 3076 quo
853 3032 1001 3066 Parisiis
1027 3032 1115 3065 fiunt
1142 3032 1176 3065 in
1196 3032 1354 3075 Collegio
1381 3032 1423 3065 de
1443 3031 1617 3071 Sal-boum
1644 3029 1781 3064 scilicet
1806 3030 1959 3072 siugulis

204 3084 319 3117 sextis
345 3083 445 3117 scriis
471 3084 512 3117 do
540 3097 642 3118 manc
669 3085 735 3119 nisi
762 3086 895 3119 festum
923 3085 1103 3130 impediat,
1131 3088 1166 3118 et
1191 3087 1276 3118 tunc
1301 3084 1390 3118 fiant,
1415 3084 1484 3118 alia
1510 3084 1566 3117 die
1585 3083 1742 3127 ejusdem
1760 3082 1958 3127 septimane.

204 3136 501 3170 c011vm1i1-11ti=›1·i-
537 3138 694 3179 (statuta
722 3138 907 3172 facultatis
932 3137 1153 3181 theologicae
1181 3137 1405 3178 coloniensis,
1431 3148 1522 3170 anno
1552 3135 1641 3170 1398
1668 3136 1774 3169 facta.
1821 3137 1959 3169 Bima-0

204 3189 225 3222 1.
253 3203 281 3223 c.
311 3189 335 3230 l,
362 3189 442 3223 Aul.
470 3201 502 3233 p,
530 3190 697 3232 lififfiro'f).
