2113 3430
220 216 330 245 XLVI
393 199 453 234 IV.
480 196 640 232 Tabulae
664 194 936 238 chronologicae
954 193 1052 228 vitae
1071 192 1217 228 Canisii.
1245 192 1335 227 1556
1355 191 1441 237 Apr.
1460 190 1493 226 2.
1512 210 1556 214 —
1578 189 1679 231 1556,
1697 190 1852 223 exeunte
1874 187 1940 222 Iul.

296 316 386 351 1556

298 399 399 437 1556

300 547 402 584 1556

291 696 403 737 1556

305 834 394 869 1556

307 887 396 922 1556

307 994 398 1029 1556

309 1132 410 1169 1556

300 1282 412 1322 1556

315 1492 404 1526 1556

314 1546 404 1579 1556

317 1599 404 1633 1556

606 312 693 357 Apr.
720 310 752 345 2.

630 395 726 445 Apr.

589 543 684 592 Apr.
714 542 776 580 23.

579 691 685 746 Apr.
721 693 745 732 2
754 693 790 733 1.

598 831 686 866 Maii
712 831 767 866 10.

597 884 686 919 Maii
714 885 767 919 14.

531 991 598 1027 sub
623 991 732 1026 finem
757 990 843 1025 Maii

543 1131 633 1179 posis
662 1141 710 1167 m.
739 1127 832 1166 Mai.

609 1278 701 1320 Iun.
738 1278 775 1319 7.

617 1489 693 1523 Iun.
723 1489 777 1523 11.

584 1543 659 1577 Iun.
686 1544 723 1576 et
748 1541 813 1576 Iul.

571 1598 725 1631 exeunte
752 1594 816 1629 Iul.

898 308 1044 355 Pragae
1071 308 1107 342 in
1138 307 1275 350 „Coena
1301 305 1463 341 Domini“
1494 305 1605 340 latine
1631 303 1869 339 contionatur.

899 393 1046 431 Canisz'i
1093 392 1313 442 „Lectiones
1360 395 1392 428 et
1426 391 1664 439 precationes
1705 383 1995 426 ecclesiasticae“

959 451 1189 502 Inyolstadz'c'
1210 452 1388 500 primmn
1416 451 1458 486 in
1487 449 1605 486 lucem
1635 448 1871 485 emittuntur.

900 541 1175 578 Ferdinandus
1203 539 1236 577 I.
1264 539 1383 576 altero
1411 538 1528 575 edicto
1559 537 1824 575 catechismum
1851 534 1999 572 Canisii

960 599 1206 638 commendat.

902 688 1098 732 Canisius
1120 687 1282 742 primos
1297 684 1524 728 duodecim
1545 684 1693 727 Socios
1709 683 1753 726 in
1771 681 2001 736 collegium

962 766 1179 808 pragense
1210 750 1388 793 inducit.

905 829 1053 864 Sacrum
1079 827 1227 869 faciens,
1253 825 1372 872 lapide
1390 824 1527 871 petitur
1551 835 1615 870 per
1640 824 1835 858 fenestram
1861 822 2003 856 iniecto.

905 883 1011 917 Festo
1059 880 1281 916 ascensionis
1321 877 1455 914 domini
1496 888 1616 912 coram
1653 876 1877 911 Ferdinando
1918 885 2004 919 rege

965 934 1202 970 contionatur.

906 987 1168 1024 Monasterium
1194 984 1307 1032 Oybin
1343 985 1418 1020 adit
1452 986 1489 1018 el:
1523 983 1566 1018 de
1592 983 1669 1018 eius
1695 981 2005 1018 administratione

967 1040 1248 1076 Zittaviensibus
1275 1037 1531 1074 committenda
1557 1037 1644 1081 agit.

910 1127 1059 1165 Canisiz'
1107 1120 1319 1175 „Summff
1359 1123 1574 1173 yermanioe
1614 1133 1723 1159 versa
1762 1119 1928 1157 Viennae
1966 1120 2006 1156 in

968 1187 1087 1224 lucem
1117 1185 1313 1222 emittitur.

911 1274 1108 1317 Canisius
1131 1288 1157 1315 a
1179 1273 1221 1315 S.
1240 1270 1411 1326 Ignatio
1433 1268 1710 1325 praepositus
1731 1265 2009 1323 provincialis

972 1338 1204 1382 Soeietatis
1225 1351 1303 1393 per
1322 1335 1599 1379 Germaniam
1620 1333 1885 1388 superiorem
1906 1345 2008 1374 con-

973 1404 1183 1447 stituitur.

913 1486 970 1521 Ex
995 1485 1213 1520 111onaste1·io
1240 1483 1358 1529 Oybin
1385 1481 1546 1528 Pragalu
1571 1481 1674 1516 redit.

914 1539 1096 1575 Nobilium
1121 1548 1312 1584 puerorum
1339 1534 1612 1571 contubernium
1638 1535 1752 1579 parat.

889 1590 1184 1643 ¹Ingolstadium
1218 1589 1458 1636 proficiscitur
1493 1589 1538 1623 ad
1573 1587 1714 1623 sodales
1748 1585 1833 1620 novi
1868 1584 2011 1628 collegii

973 1645 1158 1680 iuvandos.
