2113 3430
193 176 275 216 703
673 170 828 204 Monum.
860 169 1080 214 (pragensia)
1113 169 1188 203 123.
1218 169 1329 213 (Maio
1357 170 1474 214 1556.)

189 302 234 330 se
266 288 382 328 hisce
415 289 592 328 tuentur
624 285 971 328 auctoritatibus.
1031 283 1294 341 [Seqzmntur
1328 289 1541 329 rariorum
1569 294 1740 343 patrum
1775 294 1810 330 et
1842 289 1949 331 theo-

188 355 368 406 leym-nm
412 349 672 404 sententiae]
737 351 800 392 Ac
833 351 1029 392 Canisius
1070 365 1207 405 nuper
1247 351 1290 393 in
1332 351 1400 394 die
1442 352 1705 395 ascensionis
1742 353 1949 395 Domini1

188 430 332 458 coram
373 429 476 468 rege
492 415 521 464 2,
566 414 609 456 111
651 415 855 457 concione
896 415 1154 469 gravissime
1195 416 1482 459 invehebatur
1522 417 1566 459 in
1605 417 1727 469 illos,
1775 418 1846 472 qui
1887 418 1948 460 sic

187 481 401 522 ‹flu—istum
434 480 651 529 invocant,
685 481 911 534 appellans
934 494 1007 522 eos
1031 495 1235 523 erroneos
1268 484 1312 524 et
1344 481 1511 536 impios,
1545 496 1595 524 eo
1618 484 1730 537 quod
1752 486 1947 534 naturas,

186 560 295 598 quae
318 548 419 587 sunt
440 545 483 586 in
506 544 674 587 Christo
699 545 907 595 dividant,
935 545 1297 600 peculiariterque
1322 545 1408 600 [2²1³
1434 547 1555 589 velut
1575 547 1790 590 hominem
1812 562 1947 602 quen-

186 612 284 653 ‹lam
317 624 462 652 coram
494 613 618 664 patre
650 611 1005 664 procumbentem
1034 611 1250 662 invocent,
1285 626 1381 653 cum
1403 612 1489 654 iam
1512 626 1607 654 cum
1630 616 1754 667 patre
1777 614 1947 667 aequali

184 676 379 730 potentia
402 679 568 729 regnet,
600 675 644 717 in
678 690 760 729 quo
785 676 894 718 duae
917 679 1101 719 naturae
1123 677 1185 719 ita
1207 677 1354 720 unitae
1377 680 1492 728 sunt,
1525 680 1573 720 ut
1606 678 1784 721 seorsim
1807 680 1948 722 altera

183 741 370 783 humana
393 741 593 783 videlicet
613 739 672 795 [P]
686 738 700 758 ¹³
723 741 971 795 compellari
995 756 1080 783 non
1103 742 1271 793 debeat,
1296 745 1345 785 ut
1367 742 1499 785 etiam
1520 742 1731 785 Nicenum
1754 744 1947 787 decrevit

184 806 422 856 concilium,
456 806 665 859 inquiens.
716 806 966 860 Quicunque
989 807 1218 861 dupliciter
1241 807 1457 850 Christum
1491 808 1657 858 adorat,
1690 809 1946 852 maledictus

183 874 250 914 est
265 873 293 914 3.
357 872 600 914 Damnatus
642 873 709 913 est
750 885 854 925 ergo
896 872 980 914 iam
1021 872 1122 913 olim
1154 872 1226 914 ille
1268 887 1410 923 error,
1454 887 1578 926 quem
1620 887 1732 915 nunc
1774 874 1946 927 quidam

181 937 411 986 refricant,
445 951 530 978 non
563 936 694 978 aliam
727 937 779 978 ob
813 951 1011 987 causam,
1047 952 1175 991 quam
1208 941 1256 980 ut
1288 940 1538 980 sauctorum
1570 938 1888 981 invocationem
1923 953 1946 982 e

180 1002 320 1044 medio
354 1002 524 1051 tollant,
559 1016 738 1055 quorum
773 1005 839 1045 est
871 1002 1043 1056 proprie
1076 1003 1343 1045 intercedere
1366 1018 1443 1057 pro
1466 1003 1590 1046 nobis
1614 1004 1729 1058 apud
1760 1007 1943 1057 patrem.

183 1068 301 1109 Haec
334 1069 435 1108 sunt
467 1066 524 1107 mi
556 1066 696 1109 frater
727 1066 897 1109 illorum
938 1068 1078 1110 fulcra
1120 1068 1272 1121 quibus
1310 1068 1527 1111 insistunt.
1593 1069 1812 1119 Quomodo
1845 1069 1945 1111 sub-

181 1132 391 1174 vertenda
423 1132 511 1175 sint
542 1146 805 1186 magnopere
837 1147 943 1186 rogo
976 1136 1154 1188 propter
1177 1133 1416 1176 Ecclesiam
1439 1134 1532 1184 Dei,
1566 1135 1776 1188 quaedam
1800 1134 1855 1176 ad
1877 1148 1946 1177 me

181 1197 393 1252 copiosius
426 1197 690 1251 perscribas,
735 1200 783 1240 ut
814 1198 899 1240 illis
932 1198 1164 1251 aliquando
1196 1199 1459 1253 respondere
1491 1200 1654 1254 possim
1687 1203 1731 1242 et
1763 1199 1944 1253 colligas

180 1263 347 1316 aliquot
378 1261 629 1305 testimonia
660 1266 880 1313 veterum,
922 1264 993 1316 qui
1026 1264 1194 1306 Christe
1227 1278 1303 1306 ora
1340 1279 1419 1318 pro
1451 1278 1520 1306 me
1552 1265 1694 1307 dicere
1726 1279 1811 1307 non
1843 1268 1944 1308 sunt

179 1328 319 1370 veriti.
383 1328 478 1381 Ego
511 1342 649 1382 nuper
680 1342 810 1369 unum
843 1328 886 1370 in
918 1328 1125 1383 Cypriani
1158 1329 1354 1371 oratione
1396 1344 1506 1382 quae
1545 1330 1634 1371 suis
1667 1330 1868 1384 operibus
1899 1330 1942 1371 in

178 1396 262 1435 fine
285 1393 489 1436 adiuncta
512 1396 579 1436 est
600 1393 758 1436 inveni.
793 1393 853 1435 Te
876 1407 982 1447 rogo
1005 1394 1130 1448 plura
1148 1394 1376 1448 conquiras
1400 1398 1443 1437 et
1461 1395 1515 1437 ad
1538 1409 1606 1437 me
1623 1395 1900 1438 transmittas
1912 1396 1940 1437 ⁴.

298 1485 483 1526 canisius,
516 1498 594 1520 cum
622 1485 734 1520 nollet
759 1485 882 1520 audire
911 1485 1076 1528 „Christe
1103 1498 1164 1520 ora
1189 1498 1253 1531 pro
1279 1486 1415 1527 nobis‘,
1442 1486 1476 1521 S.
1504 1487 1677 1521 Thomam
1703 1489 1849 1521 secutus
1876 1489 1942 1527 est,

178 1540 413 1574 scribentem:
465 1540 567 1582 „Ideo
602 1552 672 1574 non
707 1539 859 1574 dicimus
894 1539 1047 1580 ,Christe
1082 1551 1143 1574 ora
1179 1552 1241 1585 pro
1276 1540 1399 1581 nobis‘,
1447 1540 1531 1584 quia
1566 1540 1732 1576 Christus
1775 1540 1943 1585 supponit

179 1592 403 1638 suppositum
430 1595 634 1634 aeternum,
662 1593 764 1627 cuius
790 1604 858 1626 non
886 1595 941 1627 est
967 1604 1088 1633 orare,
1114 1593 1177 1627 sed
1203 1593 1394 1633 adiuvare;
1426 1595 1462 1627 et
1488 1593 1566 1627 ideo
1592 1593 1761 1635 dicimus,
1790 1593 1943 1634 ,Christe

179 1646 260 1680 audi
279 1648 366 1687 nos‘,
392 1646 450 1680 vel
477 1646 658 1687 ‚miserere
676 1646 817 1680 nostri‘:
847 1648 882 1680 et
907 1646 943 1679 in
961 1645 1028 1680 hoc
1046 1646 1155 1680 etiam
1182 1646 1360 1680 evitamus
1382 1646 1559 1680 haeresim
1577 1646 1654 1680 Arii
1673 1648 1708 1680 et
1726 1646 1912 1680 Nestorii.·'
1931 1648 1943 1666 5

298 1699 379 1733 Alia
414 1711 499 1733 vero
536 1699 698 1743 quaestio
731 1702 804 1740 est,
840 1701 961 1733 utrum
989 1699 1154 1734 Canisius
1190 1711 1270 1734 cum
1296 1699 1455 1744 Ruperto
1481 1699 1657 1734 Tuitiensi
1690 1702 1756 1734 etc.
1790 1700 1943 1734 senserit

180 1753 361 1787 Christum
389 1753 424 1786 in
450 1753 548 1787 caelo
574 1765 637 1798 pro
663 1752 767 1787 nobis
794 1764 894 1787 orare
920 1754 1061 1787 tantum
1093 1753 1405 1798 „interpretative“
1436 1764 1499 1798 per
1525 1753 1652 1787 merita
1679 1764 1762 1795 sua,
1790 1764 1881 1797 quae
1906 1753 1943 1788 in

181 1809 375 1851 conspectu
401 1806 468 1840 Dei
503 1809 606 1848 sunt,
642 1818 705 1851 per
740 1806 927 1840 cicatrices
962 1806 1149 1840 vulnerum
1188 1809 1276 1847 etc.,
1313 1818 1357 1841 an
1393 1818 1473 1841 cum
1509 1806 1542 1840 S.
1574 1806 1729 1847 Thoma,
1766 1805 1942 1849 Suaresio,

180 1860 304 1894 Toleto
331 1862 397 1893 etc.
426 1860 608 1894 censuerit
643 1872 723 1893 eum
759 1860 867 1893 etiam
904 1871 1075 1904 expressa
1111 1860 1271 1894 oratione
1307 1860 1450 1894 divinae
1476 1859 1622 1904 pietatis
1657 1859 1817 1894 subsidia
1841 1860 1943 1895 nobis

179 1917 312 1958 petere.
348 1913 387 1946 ln
414 1912 514 1954 libro,
542 1924 647 1957 quem
672 1913 784 1947 multo
811 1915 892 1958 post
910 1912 944 1947 S.
964 1913 1020 1946 Pii
1038 1913 1080 1947 V.
1108 1913 1208 1947 iussu
1235 1914 1277 1947 de
1296 1913 1410 1947 Beata
1429 1913 1543 1947 Maria
1561 1912 1709 1956 Virgine
1733 1913 1942 1958 composuit,

179 1967 267 2001 haec
294 1966 336 2000 de
356 1965 498 2000 Christo
522 1966 666 2001 scribit:
698 1965 863 2008 „Nullum
889 1966 1118 2009 agnoscimus
1144 1966 1253 2000 alium
1278 1977 1500 2000 communem
1527 1965 1683 2000 omnium
1708 1966 1942 2000 mediatorem

182 2023 217 2054 et
243 2021 528 2060 intercessorem,
556 2020 616 2064 qui
641 2020 783 2064 plenam
811 2031 891 2054 cum
916 2019 991 2053 Deo
1017 2019 1342 2054 reconciliationem
1368 2019 1416 2053 sit
1440 2019 1670 2064 promeritus,
1698 2021 1760 2053 aut
1785 2030 1942 2063 vnquam

180 2073 374 2118 promereri
410 2073 534 2117 possit.
586 2072 655 2106 Per
689 2073 783 2107 hunc
818 2073 935 2107 omnia
971 2084 1095 2107 sumus
1130 2073 1287 2107 assecuti
1322 2073 1432 2113 bona,
1468 2083 1559 2116 quae
1586 2084 1606 2106 a
1631 2072 1705 2106 Deo
1731 2072 1832 2107 nobis
1859 2073 1943 2107 data.

179 2130 282 2167 sunt,
319 2126 376 2160 vel
403 2126 523 2171 potius
548 2138 690 2171 semper
716 2127 864 2167 dantur,
901 2126 1031 2170 quique
1066 2138 1136 2160 non
1162 2126 1282 2161 verbis
1309 2126 1522 2171 quibusdam
1558 2127 1594 2160 et
1628 2126 1812 2171 precibus,
1848 2125 1942 2160 sicut

180 2180 296 2215 solent
314 2179 451 2224 Legati,
477 2180 540 2213 sed
566 2180 685 2224 reipsa
708 2180 908 2214 intercedit.
929 2207 935 2213 .
956 2207 962 2213 .
1002 2179 1072 2214 Per
1097 2179 1191 2214 hunc
1217 2180 1360 2214 demum
1385 2180 1539 2224 petenda
1565 2181 1601 2213 et
1626 2179 1831 2224 accipienda
1856 2181 1942 2213 sunt

180 2234 307 2273 omnia,
334 2244 425 2278 quae
451 2232 560 2267 Pater
585 2235 753 2267 aeternus
780 2235 856 2267 tum
882 2233 1043 2276 Angelis,
1070 2235 1146 2267 tum
1173 2232 1375 2267 hominibus
1401 2232 1631 2278 precantibus
1658 2232 1775 2266 donat.
1819 2231 1939 2266 Sancti

182 2299 265 2321 vero
290 2287 505 2321 mediatores
531 2287 576 2320 ad
602 2286 696 2320 hunc
722 2287 839 2331 ipsum
865 2286 1120 2327 Mediatorem,
1156 2286 1185 2320 si
1212 2286 1262 2320 ita
1288 2286 1383 2330 loqui
1410 2286 1466 2319 fas
1492 2288 1566 2327 est,
1602 2285 1645 2319 ab
1671 2284 1834 2319 Ecclesia
1860 2296 1940 2319 con-

181 2340 407 2374 stituuntur.“
426 2340 438 2359 ⁶

299 2469 310 2477 ¹·
338 2460 528 2492 Obscurius
552 2460 733 2501 scriptum.
879 2456 892 2476 δ
919 2458 1070 2491 obscure
1094 2459 1276 2501 scriptum.

303 2576 311 2594 ¹
342 2576 393 2608 14.
422 2574 519 2608 Maii.
665 2574 678 2594 ²
704 2574 927 2608 Ferdinando
954 2575 979 2608 l.

300 2628 312 2647 ³
339 2628 391 2661 Cf.
419 2627 558 2661 concilii
585 2626 734 2661 Nicaeni
762 2627 813 2663 11„
842 2639 934 2661 anno
962 2627 1028 2661 787
1055 2626 1179 2667 habiti,
1206 2626 1382 2660 actionem
1408 2625 1480 2666 VI„
1507 2628 1531 2659 t.
1560 2626 1590 2659 6.

300 2683 310 2699 ⁴
339 2680 377 2713 ln
404 2680 525 2724 spuria
555 2680 745 2722 „Oratione
772 2680 874 2714 Beati
901 2679 1071 2724 Cypriani
1097 2679 1288 2724 martyris,
1325 2690 1432 2723 quam
1467 2678 1532 2713 sub
1569 2678 1624 2712 die
1650 2677 1828 2723 passionis
1853 2688 1939 2711 suae

182 2733 304 2773 dlxiv,
341 2733 397 2767 hic
426 2733 608 2767 christum
634 2733 847 2777 alloquitur:
889 2733 984 2776 „Ego
1010 2733 1045 2767 in
1072 2736 1132 2767 tuo
1159 2733 1299 2766 nomine
1326 2734 1425 2777 peto,
1453 2735 1491 2765 ut
1518 2734 1557 2766 tu
1584 2743 1604 2765 a
1629 2733 1731 2776 patre
1757 2732 1877 2775 petas,
1904 2732 1941 2763 ct

181 2786 283 2818 detur
310 2786 424 2820 mihi:
467 2787 518 2820 Ita
545 2787 687 2830 quidem
714 2787 749 2820 in
776 2786 990 2821 editionibus
1018 2786 1188 2831 Cypriani
1215 2786 1414 2819 erasmiana
1445 2784 1624 2829 (Basileae
1646 2784 1754 2824 1530;
1781 2795 1813 2828 p.
1842 2783 1938 2826 505),

185 2839 361 2880 niigniana
389 2845 476 2879 etc.;
503 2840 537 2873 in
564 2839 763 2874 harteliana
790 2852 875 2873 vero
903 2840 989 2873 haec
1016 2839 1126 2873 verba
1153 2839 1378 2873 omittuntur.

301 2892 312 2909 ⁷*
339 2892 377 2924 ln
404 2893 436 2926 4.
464 2893 544 2926 dist.
576 2894 627 2932 15,
655 2905 687 2936 q.
715 2894 747 2931 4,
774 2895 840 2927 art.
869 2894 899 2933 6,
927 2905 960 2936 q.
988 2893 1008 2926 2
1035 2893 1079 2926 ad
1109 2893 1138 2926 1.
1182 2893 1315 2925 Franc.
1344 2892 1481 2925 Snccrez
1507 2890 1540 2925 S.
1568 2891 1600 2924 J.
1627 2890 1694 2924 has
1720 2889 1754 2924 S.
1782 2889 1937 2923 Thomae

184 2943 339 2977 rationes
375 2945 499 2988 probat
535 2949 568 2979 et
605 2945 808 2982 confirmat:
848 2948 1007 2979 attamen
1043 2945 1227 2979 existimat
1261 2946 1361 2979 certa
1395 2955 1475 2978 cum
1511 2943 1714 2978 condicione
1744 2953 1848 2987 posse
1873 2952 1936 2974 nos

185 2995 364 3029 Christum
392 3009 537 3040 rogare,
577 3000 615 3031 ut
641 3010 727 3031 suae
754 2998 923 3032 orationis
949 3010 1013 3032 nos
1039 2997 1232 3043 participes
1259 2997 1412 3038 efficiat,
1445 2996 1641 3030 orationem
1667 3007 1769 3030 suam
1793 2996 1937 3028 nostrae

183 3048 373 3087 coniungat
402 3053 487 3083 etc:
518 3051 554 3083 ln
581 3051 724 3084 tertiam
752 3054 889 3095 partem
909 3051 981 3085 divi
1000 3051 1156 3085 'Phoinae
1183 3053 1206 3084 t.
1227 3051 1253 3091 Ι,
1280 3051 1368 3095 disp.
1387 3050 1443 3091 45,
1469 3051 1557 3084 sect.
1576 3050 1597 3082 2
1618 3047 1802 3093 (Lugduni
1818 3046 1936 3089 1608),

185 3113 215 3145 p.
244 3101 321 3134 693.

303 3154 314 3171 ⁰
344 3154 391 3186 [ln
422 3154 528 3188 licata
556 3156 668 3189 Maria
696 3156 845 3199 Virgine
873 3157 1139 3201 incomparabili
1170 3156 1396 3199 (ingolstadii
1426 3155 1531 3198 1577)
1560 3167 1592 3199 p.
1620 3153 1816 3188 659—660.
