2113 3430
201 185 285 225 483
819 182 896 216 157.
933 181 966 216 S.
994 181 1158 225 Ignatius
1185 182 1336 218 Canisio.

199 298 316 343 qualis
343 298 467 331 deceat
487 297 611 331 Osium
639 317 683 321 --
711 297 784 331 dixi
811 310 867 331 me
895 298 939 332 ad
965 301 1000 332 te
1027 299 1183 333 scribere
1210 300 1366 342 solitum,
1393 301 1475 336 hinc
1500 302 1560 336 ille
1586 304 1715 337 nactus
1741 302 1963 337 occasionem

202 351 355 394 rogavit,
383 352 422 384 ut
449 362 487 383 se
514 350 578 384 tibi
606 350 737 385 litteris
756 351 844 385 meis
864 352 1159 387 commendarem.
1194 353 1271 396 Ego
1290 366 1385 396 vero,
1413 355 1472 399 qui
1496 355 1647 400 ipsemet
1664 356 1758 401 apud
1784 358 1818 390 te
1838 367 1963 400 egeam

199 403 514 443 commendatione,
542 403 629 437 nihil
657 403 753 438 aliud
780 405 919 449 recepi,
950 405 1018 439 nisi
1044 406 1099 439 sui
1126 407 1344 441 mentionem
1370 408 1464 452 apud
1490 410 1536 442 te.
1587 409 1663 443 Hoc
1690 409 1905 444 addiderim:
1932 409 1961 444 si

198 457 232 490 in
259 456 341 490 aula
366 455 434 490 hac
461 458 584 490 nostra
609 456 703 491 forte
730 457 933 502 quempiam
961 459 1127 502 ψόξενον
1154 459 1396 502 desiderares,
1432 462 1467 494 te
1497 461 1691 496 fideliorem
1718 463 1963 507 aptioremque

199 509 403 544 habiturum
432 520 511 543 esse
537 509 714 544 neminem
721 538 905 546 ......
933 511 1038 546 Mitto
1073 511 1138 546 tibi
1171 512 1331 547 libellum
1358 513 1618 556 calendarium,
1653 515 1741 549 mihi
1766 516 1915 550 missum
1942 527 1961 550 a

196 563 237 597 D.
267 562 419 603 Canisio,
447 573 552 606 quem
579 575 639 597 oro
666 566 729 598 tua
756 563 911 599 Celsitas
937 565 1018 599 boni
1046 565 1210 600 consulat
1237 565 1313 600 loco
1340 568 1484 601 strenae
1510 567 1708 613 pauperis.“
1733 570 1740 589 ¹

1013 687 1134 729 157.

724 783 1046 827 SANCTUS
1079 784 1432 828 IGNATIUS

943 874 1216 922 CANISIO.

836 976 947 1013 Roma
973 975 1021 1012 18.
1048 975 1204 1024 Augusti
1231 976 1326 1013 1554.

315 1056 370 1090 Ex
396 1069 502 1101 opere
533 1058 681 1099 ,Cartas
708 1058 750 1091 de
770 1060 845 1093 San
866 1060 1030 1102 Ifsnacio⁴⁴
1062 1058 1122 1100 IV,
1149 1059 1338 1093 470—476
1369 1059 1429 1103 (cf.
1456 1059 1585 1094 ibidem
1612 1072 1645 1105 p.
1673 1060 1899 1106 283—292);
1925 1062 1962 1096 in

194 1110 287 1154 quod
314 1110 470 1154 epistula
496 1110 584 1145 haec
610 1111 830 1156 transcripta
856 1114 911 1146 est
938 1124 982 1146 ex
1024 1111 1252 1154 „collectione
1287 1114 1453 1147 romana“
1494 1113 1730 1158 epistularum
1758 1114 1791 1149 S.
1818 1115 1962 1158 Ignatii,

194 1175 286 1207 quae
313 1165 419 1198 antea
444 1163 481 1197 in
507 1164 609 1198 domo
637 1165 799 1210 professa
819 1165 852 1199 S.
873 1166 905 1200 J.
932 1177 1079 1200 romana
1097 1165 1380 1200 asservabantur
1401 1166 1545 1210 (Cartas
1563 1167 1624 1208 IV,
1643 1167 1731 1209 2833
1759 1168 1803 1202 cf.
1831 1168 1960 1203 ibidem

197 1217 219 1258 1,
247 1217 387 1260 v—vr).
439 1217 563 1251 Editor
589 1217 763 1263 hispanus
790 1221 886 1253 certe
913 1221 996 1253 ante
1022 1218 1144 1253 oculos
1168 1231 1239 1253 non
1266 1219 1391 1254 habuit
1417 1220 1665 1265 archetypum,
1695 1221 1758 1255 sed
1785 1233 1961 1256 commen-

194 1269 327 1304 tarium
353 1271 413 1305 vel
444 1271 692 1316 apographum
727 1272 886 1306 eiusdem
920 1273 1092 1318 temporis
1103 1287 1111 1314 3
1147 1273 1203 1307 cui
1240 1273 1450 1307 adnotatum
1487 1276 1560 1308 est:
1601 1274 1800 1317 „IHESVS.
1851 1275 1893 1309 R.
1920 1275 1960 1310 P.

194 1322 340 1358 Doctori
366 1323 474 1359 Petro
503 1325 655 1359 Canisio.
699 1325 908 1360 Vienna1n.“

313 1377 378 1412 L'si
405 1380 490 1412 sunt
514 1377 582 1413 hac
609 1379 763 1423 epistula
792 1378 894 1413 Card.
924 1380 1137 1413 ,s'teinlmber
1162 1379 1184 1413 l.
1204 1391 1232 1414 c.
1258 1380 1284 1419 Ι,
1311 1380 1355 1415 28
1382 1382 1418 1414 et
1449 1381 1596 1415 Gothein
1616 1380 1638 1414 1.
1659 1392 1687 1415 c.
1706 1393 1740 1426 p.
1761 1381 1958 1416 731—734.

316 1460 450 1502 Quibus
484 1462 686 1495 rationibus
721 1462 845 1505 relz'yio
882 1462 1053 1496 catholiea
1092 1464 1128 1495 in
1148 1464 1348 1505 [Virocineiis
1375 1464 1604 1497 Ferdinandi
1637 1466 1730 1507 reqis
1757 1466 1961 1498 instaurari

193 1517 223 1545 et
262 1516 468 1547 conservari
493 1516 614 1557 possit.
666 1516 875 1548 Praemonet
901 1516 1144 1559 disquisitioni
1169 1517 1433 1559 adimzqendam
1461 1528 1530 1550 esse
1555 1519 1828 1561 exsecutionem,
1864 1523 1894 1551 et
1920 1529 1960 1551 ea

192 1570 332 1599 tantum
351 1568 426 1610 reyi
443 1579 512 1601 esse
523 1570 772 1611 proponenda,
791 1580 881 1612 qaae
894 1569 1074 1601 hominum
1094 1573 1124 1602 et
1142 1570 1300 1603 locorum
1313 1571 1540 1613 dispositioni
1554 1581 1746 1613 eonyrnere
1760 1572 1959 1605 videantur.

195 1619 376 1653 Neminem
396 1621 613 1654 haereticam
638 1623 865 1655 tolerandmn
891 1633 959 1655 esse
987 1624 1078 1655 inter
1097 1623 1324 1656 consiliarios
1343 1625 1468 1667 reyios,
1495 1625 1735 1668 maqistratns,
1762 1626 1959 1667 maaian-08,

191 1673 425 1708 scholasticos.
477 1675 750 1708 Haereticorum,
785 1676 895 1708 libros
931 1686 1048 1708 omnes
1083 1677 1326 1709 arcladendos.
1383 1677 1547 1710 Pas-tores
1574 1688 1710 1720 pravos
1745 1678 1795 1710 rel
1832 1679 1962 1711 inscios

193 1736 216 1758 a
243 1737 331 1760 cura
358 1729 565 1761 animarum
583 1729 766 1762 arcendos.
802 1729 1003 1762 Haereticis
1021 1730 1156 1762 canetis
1174 1730 1425 1762 absolutionem
1446 1730 1674 1772 offerendam,
1699 1732 1731 1763 si
1756 1732 1961 1774 resipiscere

193 1780 322 1821 velint,·
346 1792 443 1814 seca-s·
469 1792 523 1815 eos
548 1782 744 1815 honoribus
763 1783 974 1825 privandos,
1002 1787 1031 1815 et
1054 1783 1193 1826 aliquos
1209 1784 1361 1825 fortasse
1378 1788 1499 1827 morte,
1526 1784 1650 1817 arsitio
1669 1788 1727 1817 etc.
1746 1784 1959 1817 multandos.

194 1833 241 1865 At
268 1833 556 1877 „inqm'sz'tionis“
584 1837 839 1869 institutionem
869 1836 1067 1868 Germanos·
1093 1837 1153 1869 rix
1176 1837 1275 1878 ferre
1294 1847 1407 1879 posse.
1469 1837 1519 1869 Iis
1544 1837 1582 1869 in
1614 1837 1824 1879 quibusdam
1858 1837 1961 1870 rebus

192 1887 345 1927 fortasse
363 1887 589 1930 „connz'z·er1'“
603 1900 715 1931 posse.
748 1889 1044 1932 Into-(licendum,
1065 1900 1106 1922 ne
1123 1890 1292 1922 haeretici
1310 1890 1533 1933 appellentur
1552 1888 1795 1933 „evanyelici“.
1835 1890 1960 1923 Catho-

194 1940 280 1973 licos
314 1945 450 1974 tantam
488 1943 535 1974 ad
563 1943 710 1985 publica
745 1953 895 1975 manera
929 1944 1194 1985 promovendos.
1239 1943 1358 1976 Bonos
1392 1945 1585 1986 episcopos,
1625 1947 1655 1976 et
1692 1945 1961 1985 contionatores,

193 1995 257 2036 qai
275 2005 345 2036 per
364 2005 479 2037 payos
504 1996 733 2039 discurrant,
769 1997 998 2040 quaerendos.
1055 1996 1280 2029 Commendat
1313 1997 1480 2029 scientiae
1514 1998 1729 2040 tentamina,
1767 1998 1850 2039 fidei
1872 2008 1961 2040 pro-

191 2047 398 2091 fessionem,
437 2060 624 2082 censuram
663 2050 839 2082 librorum
850 2076 859 2093 ,
899 2050 1100 2082 enchiridia
1130 2050 1378 2093 parochorum
1414 2054 1443 2083 et
1481 2050 1673 2092 theoloyiae
1709 2050 1960 2092 studiosorum,

193 2100 457 2145 catechismum,
484 2104 680 2136 seminaria
708 2103 938 2143 clericorum»,
965 2103 1147 2145 colleqiam
1171 2104 1432 2146 yermanionm,
1462 2103 1632 2136 nobilium
1653 2114 1854 2147 puerorum
1881 2114 1962 2137 con-

195 2153 371 2188 tabet-nia.

969 2227 1191 2270 IHESVS.

312 2307 465 2350 Gratia
498 2311 541 2351 et
574 2323 694 2351 amor
726 2312 943 2360 aeternus,
978 2312 1059 2352 etc.
1123 2309 1422 2351 Intelleximus
1456 2309 1568 2362 quod
1601 2309 1652 2351 V.
1684 2309 1734 2351 R.
1769 2309 1858 2351 suis
1890 2309 1961 2352 lit-

191 2371 298 2414 teris
342 2374 364 2414 7
400 2375 444 2415 et
479 2375 529 2415 17
563 2374 666 2416 Julii
708 2374 881 2429 scriptis
919 2374 990 2429 pia
1031 2374 1319 2417 sollicitudine
1359 2374 1629 2427 requirebat;
1673 2374 1873 2416 nimirum
1915 2378 1961 2418 ut

193 2437 306 2490 quod
346 2438 553 2492 prodesse
595 2439 823 2493 plurimum
865 2453 994 2494 posse
1035 2439 1384 2482 existimaremus
1425 2440 1479 2481 ad
1511 2439 1675 2492 Regiae
1717 2439 1962 2483 Maiestatis

192 2502 437 2556 provincias
469 2503 513 2545 in
544 2504 628 2546 fide
661 2505 875 2547 catholica
907 2504 1179 2555 retinendas,
1214 2507 1258 2547 et
1289 2504 1542 2557 religionem
1574 2504 1618 2545 in
1651 2504 1733 2555 eis,
1771 2505 1841 2547 ubi
1874 2506 1961 2547 col-

193 2567 316 2621 lapsa
339 2570 418 2619 est,
452 2568 794 2621 instaurandam,
830 2573 874 2613 et
896 2569 968 2611 ubi
1000 2571 1139 2620 nutat,
1175 2569 1448 2620 fulciendam,
1484 2569 1780 2612 scriberemus.
1825 2570 1961 2620 Quam

192 2631 235 2674 in
268 2647 358 2675 rem
392 2647 440 2676 eo
484 2634 732 2688 diligentius
773 2635 1103 2677 incumbendum
1146 2648 1240 2676 esse
1273 2634 1526 2685 videbatur,
1570 2635 1682 2688 quod
1714 2648 1817 2676 vere
1850 2635 1960 2677 chri-

193 2697 323 2739 stiani
346 2698 556 2753 Principis
589 2699 770 2751 animus,
803 2703 852 2743 ut
874 2700 929 2742 ad
951 2699 1129 2742 consilia
1152 2699 1426 2750 conferenda,
1460 2700 1521 2741 sic
1544 2700 1598 2741 ad
1625 2714 1676 2742 ea
1708 2699 1959 2752 exequenda

194 2762 301 2804 bene
346 2763 579 2818 dispositus
616 2765 857 2819 judicatur:
904 2765 1093 2818 alioquin
1134 2765 1170 2806 si
1212 2764 1409 2818 diligenti
1453 2764 1740 2818 disquisitioni
1783 2768 1959 2807 strenua

195 2828 391 2883 executio
425 2829 623 2880 defuerit,
658 2830 801 2884 potius
834 2830 1054 2872 deridendi
1086 2830 1224 2872 nostri
1257 2832 1449 2881 conatus,
1486 2844 1613 2883 quam
1637 2830 1770 2871 ullum
1802 2843 1958 2883 operae

195 2892 380 2944 pretium
413 2894 601 2936 habituri
634 2898 791 2938 essent.
856 2896 925 2937 Ex
956 2895 1022 2937 his
1055 2899 1219 2946 autem,
1255 2909 1364 2948 quae
1396 2895 1464 2937 hic
1496 2895 1751 2944 scribentur,
1785 2896 1958 2936 vestrae

195 2956 448 3009 prudentiae
481 2959 563 3002 erit
595 2960 741 3003 videre
775 2974 986 3013 quaenam
1020 2961 1183 3014 Regiae
1206 2960 1426 3014 Majestati
1460 2959 1737 3014 proponenda
1769 2958 1876 3000 sint:
1911 2962 1955 3001 ut

200 3164 228 3196 11
319 3113 328 3132 ¹
355 3113 515 3157 Epistula
535 3115 701 3161 Staphyli
727 3117 868 3160 integra
895 3129 940 3151 ex
966 3116 1189 3161 autographo
1216 3117 1369 3161 primum
1397 3116 1491 3150 edita
1519 3117 1573 3150 est
1599 3115 1634 3148 in
1661 3116 1765 3149 Hosii
1784 3115 1956 3159 Epistolis

234 3191 240 3202 .
272 3165 466 3199 511—-31‘2,
