2113 3430
198 201 282 240 214
527 196 582 230 39.
619 194 804 229 Cornelius
830 193 1058 228 Vishavaeus
1085 192 1237 228 canisio.
1273 193 1328 228 2⁶2.
1355 195 1511 237 Augusti
1539 195 1640 229 1546.

201 315 313 355 Deus
347 312 473 367 [haec
505 310 676 365 habes*
723 312 843 354 Inter
881 310 1024 352 onmia
1056 310 1233 353 fuerunt
1265 311 1374 354 duae
1407 312 1562 354 viduae
1594 326 1704 366 quae
1736 326 1803 353 me
1836 324 1962 365 prae-

197 382 319 420 sente
361 380 576 419 vouerunt
618 376 949 426 continentiam,
993 376 1133 417 altera
1175 375 1295 418 venit
1336 377 1560 418 consulens
1600 391 1667 419 me
1709 378 1760 418 de
1802 375 1963 430 nuptijs

197 443 338 497 tertijs
379 442 600 484 faciendis.
645 442 710 483 vir
753 441 905 483 habuit
947 441 1053 482 bene
1094 440 1304 483 tricentas
1345 441 1477 483 libras
1514 442 1746 484 flandricae
1780 454 1960 484 annuae.

197 509 316 550 Inter
347 508 485 550 multa
506 507 721 562 respondi,
756 520 824 548 me
858 506 1079 560 appellare
1112 505 1342 556 Christum,
1377 505 1448 558 qui
1479 506 1613 548 multo
1647 506 1774 549 ditior
1806 509 1884 548 cst.
1920 508 1964 547 et

197 573 257 616 ita
299 573 381 615 fuit
414 573 456 614 in
489 573 685 614 omnibus
719 572 938 621 conuicta,
982 571 1094 624 quod
1136 570 1306 613 vouerit
1345 570 1388 611 in
1428 570 1521 624 ipso
1562 570 1765 621 instanti,
1811 574 1853 613 et
1896 585 1962 612 me

198 642 439 693 praesente.
492 640 536 680 et
577 638 667 679 eius
712 637 870 679 ancilla
911 636 1034 689 virgo
1076 634 1447 689 quinquagenaria
1489 635 1608 677 vouit
1650 636 1960 689 virginitatem.

197 704 291 745 laus
327 704 418 754 deo,
453 706 575 745 orate
606 717 682 757 pro
707 703 780 751 eis,
816 702 1010 756 exceptis
1043 701 1140 755 alijs
1174 700 1514 742 confessionibus
1547 700 1704 742 auditis
1736 701 1778 742 in
1811 701 1963 754 quibus

197 768 464 822 frequentior
494 768 556 810 fui
590 782 718 821 quam
750 768 793 808 in
826 766 1114 808 concionibus.
1149 769 1296 809 tamen
1328 765 1410 807 feci
1442 765 1527 808 ista
1560 765 1654 806 vice
1680 766 1788 807 bene
1812 768 1836 807 5
1861 780 1961 807 con-

198 834 354 876 cioncs.
420 834 504 876 Oro
547 836 596 876 vt
637 836 798 886 quanto
842 832 968 875 citius
1009 831 1209 874 remittas
1242 831 1364 872 nobis
1396 845 1451 873 m.
1487 829 1726 871 danielem1
1759 830 1829 883 qui
1862 844 1963 872 con-

198 899 308 942 dixit
350 899 498 941 amicis
531 898 619 940 suis
657 900 706 939 12
741 898 852 939 diem
886 897 1145 951 septembris
1179 910 1261 949 quo
1303 895 1560 938 conuenient
1594 895 1638 936 in
1670 909 1747 936 sua
1779 895 1962 948 patria'2,

199 965 269 1017 qui
302 965 425 1019 plura
459 966 502 1006 et
544 963 687 1005 omnia
728 966 854 1016 gesta
894 976 1074 1004 romana
1114 962 1276 1016 poterit
1317 961 1439 1003 vobis
1480 960 1682 1014 pandere.
1747 960 1890 1002 Mater
1923 960 1960 1002 d.

198 1029 391 1071 leonardi
424 1029 620 1083 exposcit
652 1029 706 1070 ab
738 1042 788 1070 eo
821 1027 984 1070 literas.
1033 1027 1247 1069 Mittimus
1280 1026 1402 1068 vobis
1434 1026 1545 1067 hunc
1576 1025 1775 1066 iuuenem
1810 1024 1965 1066 Adria-

198 1110 317 1143 1111111;
342 1099 390 1137 vt
408 1094 516 1136 velis
539 1094 619 1148 ipsi
643 1107 737 1135 esse
760 1092 975 1147 praesidio
999 1106 1073 1134 oro
1092 1092 1205 1146 apud
1223 1091 1526 1133 Reuerendum
1547 1092 1715 1144 patrem
1734 1089 1962 1143 priorem3;

198 1160 349 1213 ignoro
383 1174 437 1201 an
470 1159 555 1202 iam
588 1159 774 1201 secundo
807 1172 1015 1212 passurus
1057 1157 1136 1199 sim
1168 1157 1408 1211 repulsam,
1452 1169 1578 1209 spero
1620 1158 1768 1197 tamen
1799 1153 1964 1203 melius,

198 1229 346 1267 tamen
369 1225 421 1266 ob
444 1224 487 1266 id
509 1239 594 1266 non
629 1224 835 1266 desistam
863 1223 918 1265 ad
940 1237 1031 1273 VOS,
1065 1236 1204 1276 neque
1237 1222 1289 1263 de
1320 1220 1561 1262 huiusmodi
1595 1219 1794 1269 scribere,
1828 1233 1966 1272 neque

201 1290 373 1333 mittere
408 1290 475 1331 vel
510 1289 766 1339 sollicitare,
809 1289 936 1330 modo
970 1290 1096 1330 extra
1128 1286 1315 1341 patriam
1347 1289 1540 1328 nostram
1573 1285 1748 1327 trahere
1779 1298 1962 1338 possem,

199 1356 342 1398 saluta
374 1355 496 1397 nobis
528 1354 710 1396 mariam
743 1368 798 1395 ex
832 1353 1141 1407 oersteruijk4,
1176 1355 1220 1395 et
1253 1351 1360 1394 alios
1392 1351 1515 1393 nobis
1547 1350 1796 1392 familiares.
1856 1350 1964 1391 Con-

199 1421 326 1463 fratri
356 1420 526 1462 domino
557 1420 764 1461 leonardo
798 1419 928 1469 dicas,
962 1421 1011 1460 vt
1041 1432 1128 1460 non
1161 1417 1344 1459 desistat
1371 1431 1396 1459 a
1419 1415 1636 1469 frequenti
1667 1414 1967 1457 confessione5

198 1485 299 1527 licet
331 1485 454 1528 multi
486 1484 761 1527 reclamitent
800 1484 993 1537 quidem,
1037 1497 1134 1525 nam
1169 1483 1345 1525 tandem
1379 1482 1569 1525 euincet:
1608 1480 1734 1522 modo
1767 1479 1848 1534 ipsi
1880 1479 1967 1521 sint

200 1551 409 1601 famelici,
452 1550 508 1592 sit
549 1550 641 1604 ipse
674 1563 845 1603 semper
876 1548 1066 1590 liberalis
1100 1548 1143 1589 in
1176 1547 1298 1589 bonis
1330 1546 1545 1601 paterniS,
1589 1549 1632 1588 et
1666 1545 1814 1587 christi
1845 1545 1963 1586 Jesu.

201 1616 369 1658 Sufficit
385 1615 501 1665 mihi,
520 1615 646 1657 modo
664 1614 922 1669 promittant
938 1613 1162 1656 emendam
1178 1611 1291 1667 [sie]
1312 1612 1443 1655 etiam
1462 1611 1498 1653 si
1511 1610 1805 1653 verisimiliter
1819 1612 1965 1663 putem

201 1695 274 1723 eos
306 1680 505 1734 sequenti
538 1680 605 1722 die
639 1680 904 1734 collapsuros
935 1679 979 1720 in
1001 1679 1111 1720 idem
1142 1680 1369 1732 peccatum
1402 1676 1505 1730 (non
1537 1675 1834 1730 postponendo
1868 1688 1966 1728 pro—

200 1746 397 1789 bationes
429 1760 599 1800 semper
631 1745 686 1787 ad
708 1743 946 1797 anteriora)
964 1745 991 1786 ⁶.
1042 1744 1075 1786 O
1101 1743 1267 1785 vtinam
1299 1756 1469 1797 possem
1493 1741 1625 1783 semel
1646 1742 1818 1783 tantum
1840 1753 1966 1793 prae-

201 1815 340 1862 stare,
383 1813 431 1853 vt
471 1810 702 1865 impediam
744 1824 875 1851 vnum
916 1811 1143 1863 peccatum
1184 1808 1388 1858 mortale,
1431 1806 1601 1848 viderer
1640 1805 1742 1847 mihi
1784 1805 1965 1847 multum

201 1876 367 1918 fecisse.
413 1876 589 1918 Interim
623 1876 751 1917 homo
784 1875 1025 1929 disponitur
1058 1873 1131 1926 (ad
1163 1873 1355 1927 spacium
1387 1871 1513 1913 Vnius
1544 1871 1648 1913 hore
1681 1868 1826 1922 credo)
1858 1870 1966 1911 bene

201 1941 243 1982 in
277 1945 395 1984 statu
427 1940 618 1995 gratiae:
663 1941 760 1982 Jam
804 1940 898 1992 quis
936 1939 1039 1990 scit,
1084 1954 1138 1980 an
1170 1941 1273 1981 tunc
1305 1937 1377 1979 ille
1408 1937 1471 1979 ita
1503 1937 1611 1977 bene
1644 1934 1878 1989 dispositus
1911 1935 1967 1976 sit

201 2006 273 2048 illo
306 2006 513 2060 temporis
546 2005 692 2060 spacio
725 2005 991 2047 moriturus?
1041 2007 1084 2046 et
1115 2006 1206 2046 tum
1241 2002 1383 2045 omnia
1415 2003 1538 2043 salua
1571 2003 1710 2043 erunt.
1775 2000 1894 2042 Sicut
1926 1999 1968 2040 in

202 2071 350 2115 simili:
385 2071 548 2114 multae
581 2071 778 2125 potiones
809 2070 853 2111 in
886 2072 1036 2122 egroto
1070 2068 1411 2123 praedisponunt
1442 2066 1670 2109 materiam
1703 2068 1968 2118 congestam,

202 2137 377 2179 tandem
420 2136 599 2178 veniunt
640 2132 924 2190 purgatiuaeb
964 2134 1139 2188 pillulae
1181 2147 1291 2186 quae
1329 2135 1467 2175 totum
1500 2131 1674 2173 feriunt.
1737 2131 1813 2172 -Jta
1845 2129 1968 2171 multi

203 2202 448 2244 iaculantur
481 2215 700 2249 anserem;
735 2200 909 2243 tandem
943 2199 1064 2241 Venit
1087 2213 1196 2239 vnus
1227 2198 1419 2239 misellus
1452 2200 1496 2239 et
1529 2195 1672 2250 deijcit
1704 2195 1855 2249 ipsum.
1901 2195 1971 2236 Ita

204 2270 271 2308 est
313 2281 408 2308 cum
446 2266 638 2315 homine,
683 2265 874 2307 cadendo
908 2267 951 2306 et
984 2263 1248 2316 resurgendo
1282 2262 1579 2317 progreditur;
1622 2259 1971 2315 praedisponitur

204 2347 229 2373 a
251 2346 383 2386 puero
408 2331 540 2385 vai-ijs
563 2330 726 2384 medijs.
761 2333 851 2372 tum
886 2344 963 2384 per
994 2331 1210 2383 parenteS,
1244 2329 1562 2382 praeceptores,
1597 2325 1843 2374 conciones3
1877 2328 1968 2367 tum

204 2410 281 2451 per
321 2397 453 2438 libros
494 2396 609 2450 pios,
654 2395 982 2449 inspirationes,
1038 2393 1259 2447 exempla,
1313 2391 1745 2443 exhortationesque.
1794 2390 1969 2432 tandem

207 2461 323 2504 venit
346 2475 456 2503 vnus
487 2461 679 2502 misellus
711 2460 879 2502 intrans
910 2459 1080 2500 labores
1113 2458 1308 2508 aliorum,
1343 2456 1462 2499 cuius
1488 2456 1664 2498 hortatu
1688 2454 1969 2505 conuertitur,

207 2526 406 2577 moritur,
452 2528 495 2569 et
536 2526 744 2567 saluatur.
790 2524 883 2577 quis
917 2523 1102 2565 omnium
1141 2522 1458 2577 praedictorum
1492 2521 1574 2563 fuit
1607 2523 1763 2563 autor?
1805 2520 1968 2568 nullus;

324 2642 336 2655 ³¹
362 2637 458 2669 Haec
486 2638 533 2669 ccl
558 2637 692 2670 similia
719 2637 915 2679 supplenda
944 2647 1012 2669 esse
1040 2636 1212 2667 sidentur.

324 2689 337 2708 ¹³
362 2692 422 2722 ‚s'ic
457 2690 637 2731 Iessemlum
673 2702 740 2722 esse
777 2690 923 2733 effletur,
958 2699 1171 2731 quamquam
1204 2689 1324 2730 potius
1362 2688 1499 2719 (limeris
1538 2698 1558 2719 a
1599 2686 1762 2719 Cornelio
1799 2686 1969 2727 scriptum

207 2756 295 2775 csse:
322 2754 442 2786 purae.

331 2858 338 2876 ¹
370 2857 609 2901 l'acybroeck.
757 2858 770 2877 ‘²
795 2857 1116 2891 Denderamundae
1145 2855 1369 2900 (Termonde,
1397 2853 1682 2895 Dendermonde)
1713 2853 1747 2886 in
1775 2851 1908 2894 Belgio.

328 2910 339 2927 ³²
367 2910 575 2950 (ἔοι-1111111111,
604 2909 816 2944 Carthusiae
844 2909 1057 2944 coloniensis
1084 2909 1248 2954 priorem,
1276 2908 1381 2948 dicit;
1410 2907 1490 2941 vidc
1517 2918 1625 2950 supra
1651 2918 1684 2950 p.
1712 2905 1790 2939 209.

333 2964 338 2980 ¹
371 2961 456 2995 Vide
482 2974 588 3006 supra
615 2975 648 3007 p.
676 2964 743 2997 209
756 2965 779 2997 ⁴.

328 3015 340 3033 ⁵
370 3014 587 3048 Lconardnm
616 3018 744 3057 monet,
773 3018 810 3050 ut
837 3018 964 3061 pergat
990 3015 1025 3048 111
1053 3014 1232 3058 frequenti
1259 3013 1481 3048 confessione
1508 3009 1796 3046 commendamla.

329 3068 341 3085 ‘³
368 3068 547 3106 Quomodo
575 3068 661 3102 hacc
688 3069 847 3103 doctrina
875 3068 1108 3111 intelligenda
1135 3070 1170 3101 et
1205 3066 1455 3110 restringenda
1489 3064 1554 3105 sit,
1594 3063 1651 3096 hie
1687 3074 1864 3106 exponere
1900 3074 1968 3095 non

211 3122 335 3160 meast
355 3131 459 3162 quam
478 3120 702 3154 Vishavaeus
722 3122 796 3165 ipsc¹
816 3121 945 3163 verbis,
965 3132 1056 3165 quae
1075 3121 1177 3154 uncis
1196 3119 1342 3154 inclusit
1364 3119 1514 3162 (utinam
1534 3115 1685 3150 clariora
1704 3115 1790 3148 hac(-
1810 3118 1928 3148 essent
1941 3116 1965 3158 !)

211 3174 364 3206 sortasse
392 3173 505 3206 voluit
532 3173 760 3217 restringere.
