2113 3430
482 205 559 239 176.
597 204 762 239 canisius
788 205 936 240 Erasmo
963 206 1006 240 de
1032 206 1213 251 Limburg.
1255 208 1289 242 4.
1317 208 1472 252 Augusti
1502 208 1602 242 1555.
1835 211 1920 251 555

980 341 1101 383 176.

889 439 1185 487 CANISHJS

613 536 913 579 ERASMO
946 537 1044 579 DE
1076 538 1464 591 LIMBIJRG1,

573 625 738 669 episcopo
766 624 1010 668 argentinensi
1036 627 1072 659 et
1097 625 1310 669 landgravio
1336 626 1510 660 Alsatiae.

621 709 791 755 Augusta
816 708 1087 745 vindelicorum
1113 710 1148 746 4.
1174 710 1333 757 Augusti
1358 711 1451 747 1555.

275 791 330 825 Ex
363 791 588 836 apographo,
625 792 718 835 quod
753 791 895 826 circiter
930 803 961 826 a.
991 792 1080 826 1863
1106 792 1309 827 Molshemii
1344 794 1379 828 in
1407 794 1545 828 Alsatia
1572 806 1617 828 ex
1652 795 1847 840 archetypo
1883 796 1919 830 in

155 844 302 878 archivo
336 844 531 889 parochiali
567 845 728 889 deposito
763 846 899 879 factum
935 848 971 879 et
1009 845 1053 879 ad
1089 846 1128 879 P.
1166 846 1369 881 Florianum
1397 848 1500 882 Riess
1527 847 1561 882 S.
1589 849 1622 882 J.
1658 848 1809 883 missum
1844 851 1918 889 est;

156 898 201 931 cf.
229 898 329 931 Riess
354 897 377 931 l.
405 909 434 932 c.
461 910 494 942 p.
521 897 590 931 232
603 898 625 932 ².

273 956 532 1001 Apographum
547 956 691 990 saeculo
705 956 817 991 XVII.
836 957 1010 1002 scriptum
1029 960 1084 992 est
1102 957 1137 991 in
1156 958 1230 992 cod.
1250 970 1385 993 monac.
1409 959 1506 1002 „Lat.
1524 960 1632 995 1606“
1655 961 1679 995 f.
1698 961 1921 995 1402-1412.

274 1015 328 1049 Ex
354 1015 571 1060 apographo,
598 1015 713 1060 posito
738 1015 775 1049 in
801 1027 906 1060 opere
932 1027 1039 1050 manu
1065 1016 1199 1061 scripto
1229 1017 1595 1062 „Monu1n.Argent.“
1625 1019 1684 1063 (II,
1702 1019 1800 1063 437),
1827 1020 1920 1063 quod

154 1080 185 1102 a.
224 1068 314 1103 1870
348 1068 581 1112 Argentorati
617 1068 771 1102 flammis
813 1069 1042 1114 absumptum
1077 1072 1153 1111 est,
1197 1070 1389 1115 epistulam
1424 1072 1560 1116 primus
1595 1072 1693 1117 typis
1731 1072 1923 1118 descripsit

155 1122 204 1155 JI.
237 1122 298 1155 Th.
335 1123 376 1154 (ie
401 1123 607 1165 Basswrre,
643 1120 802 1156 Histoire
834 1122 880 1155 du
913 1122 1210 1167 developpement
1244 1124 1290 1157 du
1324 1124 1623 1159 Protestantisme
1659 1128 1679 1159 a
1705 1125 1924 1169 Strasbourg

155 1176 190 1208 et
216 1186 259 1208 en
286 1174 415 1208 Alsace
442 1174 474 1208 11
500 1173 732 1218 [Strasbourg
760 1174 878 1218 1859),
905 1175 1102 1209 385-386.
1141 1176 1286 1210 Partem
1313 1177 1518 1220 germanice
1543 1178 1698 1212 reddidit
1724 1180 1823 1213 Re'ess
1848 1178 1870 1213 1.
1891 1191 1919 1213 0.

277 1263 320 1295 Se
348 1264 383 1295 in
415 1263 629 1295 ccmeellarlo
662 1263 814 1306 episcopi
849 1263 1062 1296 desiderium
1098 1265 1234 1307 colleqfi
1260 1266 1444 1298 Societatis
1479 1268 1655 1300 ‹wc-[fasse.
1705 1267 1921 1310 Episcopmn

160 1316 306 1348 „mdeste
330 1316 509 1358 hortatur,
538 1320 574 1348 nt
599 1317 771 1349 eiusmodi
797 1316 978 1358 eollegsinm
1004 1317 1141 1351 condat.
1183 1318 1259 1359 Qua
1281 1320 1418 1351 ratione
1438 1320 1474 1351 id
1492 1320 1646 1352 obtinere
1669 1321 1789 1363 possit.
1827 1321 1921 1361 Quid

157 1370 312 1401 societas
340 1370 377 1401 in
403 1369 556 1411 colleffl'is
579 1373 712 1412 spectet.

304 1456 681 1498 Reverendissime
712 1456 755 1498 in
788 1456 957 1499 Christo
990 1458 1123 1500 Pater
1155 1461 1198 1500 et
1230 1459 1526 1502 Illustrissime
1558 1460 1777 1514 Princeps.

276 1537 427 1580 Gratia
448 1538 619 1580 Domini
651 1538 788 1581 nostri
809 1539 907 1581 Iesu
930 1539 1087 1582 Christi
1119 1543 1163 1582 et
1184 1554 1273 1594 pax
1296 1543 1476 1583 aeterna
1498 1541 1732 1589 nobiscum,
1766 1541 1919 1584 Amen.

156 1604 260 1644 Cum
292 1616 429 1656 nuper
459 1604 704 1656 Augustam
737 1618 816 1657 ego
849 1603 1086 1655 venissem,
1125 1608 1173 1647 ut
1205 1619 1300 1646 cum
1333 1605 1455 1660 regia
1487 1606 1718 1660 Majestate
1751 1607 1921 1649 Maece-

157 1670 257 1709 nate
298 1670 447 1710 nostro
491 1668 823 1710 clementissimo
866 1669 1071 1711 nonnulla
1111 1672 1373 1722 tractarem,
1420 1685 1529 1724 quae
1571 1671 1625 1713 ad
1670 1671 1920 1725 erigendum

159 1732 324 1786 Pragae
357 1732 585 1786 collegium
619 1733 825 1776 Societati
857 1737 1033 1776 nostrae
1065 1735 1294 1789 expedita³
1326 1738 1447 1786 sunt,
1482 1736 1702 1778 commode
1735 1736 1919 1789 quidem,

155 1798 246 1839 Deo
280 1797 341 1840 ita
374 1798 564 1848 volente,
598 1797 642 1838 111
674 1798 1028 1840 humanissimum
1060 1799 1199 1841 virum
1230 1800 1380 1851 incidi,
1415 1815 1540 1854 quem
1573 1803 1703 1843 antea
1733 1816 1819 1843 non
1851 1815 1921 1843 co-

155 1876 412 1915 gnoveram,
455 1863 506 1904 D.
540 1862 893 1917 Christophorum
925 1864 1268 1906 Cancellarium2
1308 1866 1602 1920 amplitudinis
1642 1868 1758 1909 tuae.
1822 1866 1923 1908 Fuit

156 1926 259 1967 mihi
291 1941 387 1968 cum
418 1927 491 1968 illo
524 1941 609 1969 non
641 1928 775 1969 semel
807 1928 1065 1982 colloquium
1096 1932 1189 1972 tum
1222 1930 1273 1972 de
1296 1930 1557 1973 Celsitudine
1580 1934 1668 1982 tua,
1703 1945 1813 1984 quae
1831 1931 1919 1984 jam

154 1991 253 2033 inde
285 2006 310 2033 a
333 1991 520 2034 Concilio
543 1992 739 2035 Tridenti
770 1996 987 2046 postremo
1021 1995 1239 2037 celebrato
1272 2009 1340 2037 me
1373 1996 1608 2038 clementer
1639 1999 1922 2049 amanterque

156 2057 382 2111 complecti
415 2057 555 2111 coepit
568 2058 597 2108 3,
630 2060 723 2100 tum
756 2058 807 2099 de
837 2058 1033 2100 Ecclesia
1064 2063 1226 2110 vestra,
1261 2058 1355 2102 cuib
1388 2060 1618 2113 aliquando
1651 2075 1719 2103 me
1752 2061 1921 2103 concio-

274 2206 285 2219 ²²
305 2200 380 2245 jam
407 2201 575 2245 expedita
602 2203 673 2235 cod.
703 2214 792 2236 mon.
938 2201 952 2221 b
975 2202 1076 2236 cuius
1103 2204 1176 2237 cod.
1205 2215 1321 2246 mon.,·
1347 2204 1475 2248 cuique
1503 2206 1555 2238 De
1580 2206 1682 2238 Buss.

279 2335 289 2354 ¹
316 2334 488 2368 Erasmus
518 2334 806 2378 (1507-1568),
834 2346 852 2368 0
878 2335 1016 2369 familia
1041 2336 1213 2370 baronum
1240 2336 1283 2370 de
1310 2335 1491 2379 Limburg,
1518 2337 1654 2370 romani
1680 2336 1820 2382 imperii
1846 2337 1921 2382 pin-

155 2398 354 2428 cernarum,
382 2390 491 2428 ortus,
518 2399 647 2421 munus
675 2387 876 2432 episcopale
902 2388 1039 2423 invitus
1065 2392 1283 2434 susceperat.
1325 2389 1403 2423 Etsi
1429 2389 1640 2424 clementiae
1666 2390 1922 2434 valde-amans

155 2442 191 2473 et-
220 2440 320 2485 pacis
346 2440 630 2474 studiosissimus
666 2442 760 2482 erat,
797 2452 817 2474 a
842 2441 1055 2475 Lutheranis
1091 2444 1211 2476 tamen
1247 2444 1283 2476 et
1310 2442 1519 2477 Calvinistis
1554 2443 1668 2476 multa
1703 2454 1831 2487 passus
1867 2446 1924 2477 est

154 2504 270 2536 neque
296 2493 467 2538 impedire
494 2494 628 2537 potuit,
655 2494 844 2536 quominus
870 2505 1001 2537 magna
1026 2506 1110 2539 pars
1136 2495 1309 2529 dioecesis
1336 2507 1422 2529 suae
1448 2495 1506 2529 vel
1534 2495 1567 2529 in
1595 2496 1735 2530 haeresi
1761 2498 1923 2530 maneret

155 2546 214 2580 vel
241 2546 284 2579 ad
317 2546 465 2580 eandem
500 2546 669 2580 deficeret
698 2546 822 2589 (Rern.
850 2549 1022 2592 Hertzoq,
1061 2547 1260 2582 chronicon
1286 2548 1446 2583 Alsatiae
1473 2548 1522 2582 IV
1549 2548 1777 2592 [Strassburg
1807 2549 1920 2593 1592]‚

158 2599 353 2633 121—124.
404 2600 468 2633 Ph..
496 2601 590 2633 And.
621 2601 863 2644 Grandiflier,
900 2600 1061 2635 Oeuvres
1096 2601 1315 2645 historiques
1351 2602 1501 2636 ine'dites
1537 2601 1587 2636 IV
1622 2601 1778 2645 [Colmar
1806 2602 1922 2645 1866]‚

155 2652 354 2686 409—4‘28.
398 2654 440 2686 L.
464 2654 505 2686 G.
535 2654 707 2694 Glo'ekler,
736 2652 951 2687 Geschichte
978 2654 1041 2688 des
1065 2654 1249 2689 Bisthums
1267 2654 1483 2698 Strassburg
1508 2655 1523 2688 Ι
1549 2654 1778 2698 [Strassburg
1806 2655 1922 2699 1879]‚

156 2705 353 2739 385—412.
405 2706 531 2739 Hee'nr.
562 2707 703 2749 Miiller,
729 2705 794 2739 Die
822 2706 1073 2741 Restauration
1102 2707 1164 2741 des
1190 2707 1472 2742 Katholicismus
1499 2707 1534 2741 in
1562 2707 1776 2751 Strassburg
1802 2707 1922 2751 [Halle

159 2758 262 2801 1882]
289 2770 323 2803 p.
349 2758 471 2801 4—6).

276 2811 288 2831 ²
314 2811 560 2845 Cancellarius
586 2811 655 2845 fuit
682 2811 960 2857 Christophorus
988 2813 1213 2856 NVelsinger,
1248 2813 1336 2847 iuris
1362 2813 1549 2856 utriusque
1581 2813 1714 2847 doctor.
1767 2813 1801 2848 Is
1827 2814 1921 2859 apud

159 2864 345 2899 Erasmum
378 2864 584 2909 episcopum
620 2865 812 2909 plurimum
838 2865 984 2899 valebat
1011 2868 1064 2907 et,
1103 2866 1188 2900 licet
1222 2866 1441 2910 aliquamdiu
1470 2866 1505 2900 in
1531 2866 1768 2901 universitate
1794 2867 1920 2901 vitem-

156 2917 323 2961 bergensi
358 2920 525 2952 versatus
561 2929 640 2952 esse
675 2918 832 2958 feratur,
868 2921 992 2963 postea
1026 2921 1148 2953 tamen
1183 2918 1371 2953 ecclesiam
1410 2919 1623 2954 catholicam
1660 2922 1806 2954 strenue
1844 2933 1921 2966 pro-

157 2971 343 3015 pugnavit.
395 2970 550 3004 Dubium
586 2983 655 3004 non
691 2973 765 3013 est,
802 2971 887 3014 quin
923 2984 1013 3006 anno
1052 2972 1141 3005 1555
1177 2972 1212 3005 in
1248 2972 1462 3015 augustanis
1497 2972 1650 3007 comitiis
1683 2973 1840 3018 episcopi
1867 2974 1922 3008 sui

158 3024 236 3058 vice
262 3025 407 3058 functus
434 3024 491 3058 sit.

278 3078 290 3097 ³
316 3077 487 3111 Erasmus
514 3077 596 3111 anui
626 3078 712 3111 1551
751 3078 924 3111 extremis
950 3078 1132 3112 mensibus
1159 3080 1195 3112 et
1230 3078 1354 3123 primis
1380 3078 1462 3112 anni
1493 3079 1582 3113 1552
1613 3080 1762 3114 concilio
1788 3080 1920 3114 triden-

159 3130 232 3163 tino
258 3130 424 3164 interfuit
453 3130 521 3174 (De
539 3132 726 3164 Buff-[erra
751 3130 774 3165 1.
794 3142 822 3164 0.
850 3143 883 3175 p.
913 3130 984 3174 16).
1028 3131 1079 3165 lbi
1106 3131 1234 3165 Patres
1261 3131 1423 3165 Lainium
1450 3134 1486 3166 et
1512 3132 1765 3174 Salmeronem,
1791 3133 1920 3167 summi

159 3183 339 3227 pontificis
364 3183 561 3227 theologos,
589 3195 630 3217 ac
657 3195 719 3228 per
746 3195 806 3218 eos
833 3186 944 3218 totam
972 3184 1187 3219 Societatem
1215 3185 1402 3219 adamasse
1428 3184 1582 3220 videtur.
1617 3185 1732 3230 Supra
1762 3185 1809 3231 (p.
1835 3186 1918 3223 387)
