2113 3430
171 164 255 203 542
598 157 678 191 173.
716 155 881 189 Canisius
908 154 1146 188 KViehmanno
1173 165 1244 188 van
1270 154 1337 188 den
1363 154 1493 198 Bergh.

170 275 399 318 clarandae
432 272 574 315 studio
599 271 724 322 vinci,
760 270 943 325 opprimi
976 272 1020 312 et
1053 269 1295 324 expugnari
1325 284 1409 311 11011
1431 270 1579 324 possit,
1615 270 1784 313 Christo
1807 269 1940 312 IESV

170 340 258 382 suis
290 337 606 393 patrocinante.

288 405 559 457 Quapropter
582 401 664 444 etsi
696 400 818 443 nobis
850 399 1016 453 gloriae
1048 399 1189 452 magis
1222 413 1350 452 quam
1382 399 1643 452 ignominiae
1678 401 1790 443 verti
1814 414 1941 454 posse

171 469 396 519 confidam,
431 467 543 521 quod
576 467 638 508 ita
660 466 816 508 leuiter
839 466 1047 507 aduersus
1070 467 1242 507 nostros
1269 464 1527 515 decernitur,
1560 469 1707 508 tamen
1730 469 1773 508 et
1796 469 1942 508 uestro

171 538 216 576 et
248 534 433 575 Senatus
466 535 510 574 et
542 531 712 586 patriae
744 530 915 573 nomine
949 530 1086 580 doleo,
1120 534 1212 572 tam
1243 544 1396 584 parum
1429 529 1501 582 agi
1534 530 1713 572 candide
1747 545 1841 572 cum
1875 530 1940 583 ijs.

172 613 280 670 quos
302 597 562 651 Nouiomagi
591 611 675 638 non
709 596 847 638 dicam
879 595 1075 637 tollerari
1108 595 1182 636 sed
1209 594 1341 637 etiam
1373 594 1577 636 honorari
1609 595 1801 638 decebat.
1850 595 1942 637 Nec

173 664 286 706 enim
318 662 531 716 ignoratis
563 661 635 715 qui
668 664 712 704 et
744 675 872 714 quam
905 660 1029 702 1110111
1062 660 1106 701 in
1138 660 1245 714 Rep:
1278 662 1428 702 vestra
1459 659 1573 709 nati,
1616 660 1810 704 educati
1845 674 1943 701 101·-

173 729 272 779 sati,
306 728 428 770 uobis
460 727 593 770 etiam
625 726 836 780 sanguine
863 725 1092 775 coniuncti,
1127 739 1239 766 110110
1261 738 1364 766 velo
1389 724 1599 767 Societati
1618 725 1716 767 huic
1739 725 1944 779 adsciipti

175 795 282 836 duce
315 793 483 836 Chiisto
525 792 670 834 simus.
734 792 887 844 Itaque
925 790 961 832 si
1002 805 1087 832 11011
1129 793 1308 844 pioptei
1350 804 1618 832 communem
1659 789 1866 844 patliam.
1911 791 1943 831 si

176 873 260 901 non
293 861 471 913 pioptei
502 859 732 911 palentum
765 859 809 899 et
840 856 1075 897 amicmum
1108 858 1354 898 nostrolum
1387 854 1430 895 in
1460 854 1610 909 Remp:
1644 857 1835 896 vestram
1858 869 1946 896 me—

176 924 275 974 rita,
310 924 346 965 si
377 938 461 965 non
484 923 662 977 propter
684 921 846 963 veteris
879 920 1095 963 amicitiae
1119 923 1162 962 et
1185 920 1407 973 sanguinis
1432 920 1556 962 firma
1579 920 1768 970 foedera,
1792 920 1947 961 saltem

178 990 231 1031 ob
265 989 344 1031 hoc
366 988 518 1043 ipsum,
554 987 653 1040 quia
686 986 802 1028 ciues
824 985 961 1028 vestri
993 1000 1153 1036 sumus,
1189 985 1432 1038 erimusque
1460 999 1643 1039 semper,
1677 984 1750 1026 vni
1772 988 1949 1038 propt-er

179 1055 338 1097 multos
369 1067 561 1108 parcere,
595 1054 639 1094 et
670 1066 756 1093 11011
787 1052 926 1093 5011101
958 1051 1181 1104 indulgere
1204 1051 1239 1092 si
1263 1064 1369 1104 opus
1402 1050 1568 1100 fuisset,
1603 1050 1678 1091 sed
1711 1049 1841 1092 etiam
1874 1050 1949 1091 ad-

180 1133 275 1161 esse
308 1122 351 1162 et
392 1132 594 1173 praeesse
636 1121 680 1160 et
720 1117 948 1171 prodesse,
992 1130 1102 1169 quae
1134 1118 1283 1158 vestra
1325 1116 1453 1158 debet
1494 1118 1538 1158 et
1569 1115 1681 1158 solet
1722 1129 1817 1157 esse
1848 1129 1949 1169 pru-

179 1184 326 1227 dentia
359 1183 655 1237 aequitasque,
688 1181 953 1237 potuissetis.

298 1250 345 1290 In
378 1248 559 1303 procliui
582 1250 649 1290 est
681 1261 791 1301 quae
818 1250 936 1289 recte
968 1246 1122 1301 pieque
1155 1248 1367 1299 geruntur
1397 1245 1441 1286 in
1473 1245 1761 1300 suspicionem
1783 1258 1948 1298 rapere,

178 1328 434 1369 semperque
465 1313 650 1355 mundus
681 1312 724 1354 in
757 1312 1017 1355 deteriorem
1049 1314 1219 1366 partem
1251 1310 1430 1365 accipit,
1466 1311 1690 1361 conuellit,
1725 1310 1949 1364 deprauat.

179 1380 380 1433 religiose
418 1379 534 1421 dicta
576 1380 694 1421 facta
727 1381 771 1420 et
802 1377 1049 1420 institutal.
1116 1377 1199 1418 Sed
1241 1376 1391 1418 credat
1432 1375 1534 1417 mihi
1566 1375 1697 1417 velim
1738 1374 1951 1428 sapientia

178 1449 268 1496 tua,
302 1445 501 1487 fortunas
524 1446 696 1485 vestras
718 1457 803 1485 1100
835 1442 1093 1496 appetimus,
1128 1441 1198 1494 qui
1230 1441 1510 1494 relinquimus
1536 1444 1715 1495 propter
1736 1439 1951 1482 Christum

180 1510 336 1561 omnia,
371 1524 454 1552 non
486 1509 738 1551 insidiamur
770 1507 952 1550 aliorum
985 1506 1130 1557 bonis,
1166 1506 1356 1555 aedibus,
1390 1505 1748 1560 possessionibus,
1785 1504 1857 1557 qui
1889 1504 1951 1545 di-

180 1576 310 1618 uitias
351 1578 527 1617 nostrae
568 1573 722 1615 salutis
762 1573 807 1614 in
847 1571 1120 1627 paupertatis
1161 1585 1260 1613 arce
1302 1574 1455 1613 sancta
1496 1570 1819 1620 constituimus,
1865 1583 1950 1611 11011

180 1641 375 1696 cupimus
393 1643 585 1682 vestram
607 1652 794 1691 grauare
817 1638 982 1691 Rempz,
1016 1637 1091 1678 sed
1113 1639 1390 1691 peccatorum
1413 1635 1613 1678 oneribus
1635 1638 1951 1690 praegrauatas

181 1705 468 1749 conscientias
500 1705 717 1754 releuare,
753 1703 922 1746 Christo
956 1702 1217 1744 auxiliante:
1260 1716 1345 1743 non
1377 1701 1550 1743 solliciti
1581 1715 1727 1742 sumus
1758 1700 1826 1741 ina
1858 1714 1951 1741 cor-

181 1771 386 1825 rogandis
418 1770 545 1813 isthic
578 1768 862 1819 eleemosinis,
897 1768 973 1810 sed
997 1768 1100 1809 dare
1123 1766 1379 1822 spiritualia,
1413 1767 1521 1808 bene
1544 1765 1699 1808 mereri
1721 1765 1773 1806 de
1795 1763 1951 1819 patria,

182 1836 396 1879 consolari
439 1835 625 1878 afflictos
667 1834 858 1884 animos,
904 1833 998 1887 pios
1040 1832 1301 1887 prouehere,
1345 1832 1496 1886 Remp:
1539 1831 1655 1873 veris
1697 1827 1788 1872 deih
1830 1829 1952 1871 donis

183 1902 459 1954 aeternisque
491 1900 614 1942 bonis
646 1913 809 1952 augere
840 1899 883 1940 in
916 1898 1084 1941 Christo
1119 1897 1424 1939 desideramus.

302 1965 485 2008 Habetis
522 1965 565 2007 in
608 1965 757 2007 eodem
799 1964 941 2006 studio
984 1963 1249 2006 exercitatos
1289 1962 1403 2004 forte
1445 1961 1660 2011 homines,
1703 1963 1747 2003 et
1787 1959 1953 2002 vtinam

185 2033 329 2087 plures
362 2031 646 2084 melioresque
678 2029 897 2072 haberetis
920 2029 1000 2070 1100
1022 2031 1230 2082 tempore,
1265 2027 1340 2069 sed
1363 2026 1465 2068 mihi
1487 2040 1652 2080 nequeo
1678 2024 1953 2080 persuadere,

185 2098 344 2140 idcirco
386 2097 485 2150 quia
517 2095 641 2138 multi
675 2109 807 2136 vnum
839 2094 1037 2147 idemque
1070 2094 1350 2147 profitentur,
1387 2092 1561 2134 inutiles
1594 2093 1635 2133 et
1668 2089 1955 2145 prohibendos

186 2163 562 2214 excludendosque
594 2160 732 2202 videri
772 2160 890 2209 illos,
936 2158 1007 2212 qui
1039 2158 1291 2200 beneficium
1325 2158 1532 2207 offerunt,
1572 2156 1644 2209 qui
1675 2156 1719 2197 111
1751 2158 1845 2197 arte
1878 2169 1957 2196 sua

187 2243 271 2270 non
304 2228 444 2269 minus
477 2241 604 2279 quam
637 2224 791 2278 reliqui
822 2224 950 2278 periti
983 2227 1114 2277 atque
1147 2224 1402 2277 exploratae
1423 2221 1523 2263 fidei
1546 2224 1659 2271 sunt,
1694 2220 1765 2273 qui
1786 2223 1878 2262 tum
1901 2220 1955 2261 ab

188 2292 461 2342 eruditionis,
496 2294 589 2333 tum
622 2304 647 2332 a
679 2290 857 2345 pietatis
891 2291 934 2331 et
965 2289 1142 2331 virtutis
1175 2302 1278 2330 suae
1311 2286 1601 2341 argumentis,
1636 2285 1671 2327 si
1703 2299 1788 2326 1100
1819 2284 1954 2326 vobis.

187 2362 334 2401 tamen
367 2360 411 2399 et
443 2355 703 2399 doctissimis
736 2358 780 2397 et
812 2353 1102 2396 celeberrimis
1135 2355 1179 2395 et
1211 2352 1384 2407 optimis
1416 2351 1521 2393 viris
1562 2350 1723 2405 passim
1761 2364 1956 2403 compro-

190 2423 278 2466 bati
320 2425 443 2472 sunt,
488 2421 559 2474 qui
600 2421 734 2463 totius
776 2419 926 2462 itidem
964 2418 1186 2461 Ecclesiae
1226 2417 1521 2460 testimonium
1563 2430 1612 2458 30
1654 2417 1956 2457 sacrosanctae

189 2488 466 2543 Apostolicae
499 2487 721 2527 Romanae
755 2484 876 2527 Sedis
915 2498 999 2526 non
1032 2483 1279 2525 violandam
1321 2481 1631 2524 authoritatem
1671 2495 1748 2534 pro
1781 2493 1826 2521 se
1858 2493 1957 2533 pro-

188 2554 336 2596 ferunt
369 2552 699 2604 ostenduntque.

309 2617 436 2660 Absit
467 2617 599 2670 igitur
630 2615 856 2658 temeritas
889 2614 955 2655 vir
987 2613 1289 2666 sagacissime,
1325 2613 1376 2653 de
1408 2612 1530 2653 bonis
1563 2625 1647 2652 non
1678 2610 1740 2653 ita
1771 2609 1956 2664 pessime

191 2684 441 2733 sentiamUS,
477 2682 667 2724 oblatam
702 2695 785 2722 non
817 2693 1064 2721 recusemus
1096 2677 1296 2731 gratiam,
1332 2677 1551 2719 facessant
1573 2675 1732 2730 priuati
1761 2676 1954 2720 affectus,

310 2822 322 2833 ³¹
346 2815 387 2848 de
414 2816 518 2857 Reiff.
664 2812 677 2830 ''
701 2824 809 2846 verae
837 2811 919 2845 fidei
946 2812 1051 2853 Reiff.

316 2935 322 2952 ¹
353 2934 605 2966 srivhrenlmrst
633 2933 742 2965 refert
770 2933 803 2965 in
831 2934 979 2964 senatus
1007 2931 1150 2964 decreto
1178 2930 1242 2963 has
1269 2930 1376 2963 etiam
1403 2929 1560 2963 rationes
1587 2928 1745 2973 prolatas
1772 2937 1870 2960 esse.
1911 2925 1952 2957 ob

196 2997 284 3028 quas
304 2985 610 3029 Novirnnageuses
630 2985 845 3019 Societatem
872 2984 1061 3018 admittere
1087 2995 1154 3017 non
1182 2985 1346 3028 possent:
1379 2982 1466 3023 ,Dat
1494 2994 1536 3026 sy
1562 2981 1663 3015 mede
1690 2991 1785 3013 111001·
1811 2980 1955 3012 (100510-

197 3037 364 3081 lijklwicls·
392 3038 530 3071 haddon
559 3039 625 3072 dan
654 3050 696 3082 sy
724 3038 862 3071 vouden
890 3038 962 3071 ofte
989 3036 1239 3070 onderhouden
1266 3035 1447 3079 moghten,
1475 3035 1562 3069 ende
1589 3034 1631 3067 de
1657 3044 1831 3076 gemeyne
1851 3032 1957 3073 burg-

199 3090 304 3123 hervn
333 3103 374 3123 011
403 3091 600 3133 (1001311005
626 3091 827 3125 schacmele
864 3090 1092 3133 ingezeetene
1128 3090 1201 3122 niet
1236 3089 1395 3132 hoogher
1430 3087 1630 3122 behoorden
1666 3085 1781 3119 bel-ast
1817 3097 1857 3118 011
1895 3086 1956 3117 wt-

198 3142 427 3186 ἑνί-1001011010
447 3147 480 3176 te
500 3144 659 3177 worden·
686 3144 722 3180 (l.
743 3156 770 3177 c.
791 3155 822 3188 p.
843 3143 937 3186 487).
974 3142 1116 3176 Clarum
1142 3144 1198 3176 est
1225 3141 1405 3176 Canisium
1432 3141 1496 3174 has
1517 3139 1673 3173 rationes
1700 3138 1755 3172 hic
1775 3138 1952 3172 refellere.
