2113 3430
201 214 284 254 502
740 207 817 240 161.
854 204 1020 240 Canisius
1046 204 1170 238 Ioanni
1196 205 1238 239 de
1264 204 1431 239 Polanco.

200 328 236 370 si
269 327 370 381 quid
403 325 526 368 vobis
565 324 835 366 correctione
877 323 1052 376 dignum
1087 322 1316 365 videbitur.
1379 323 1548 364 Mecum
1581 324 1701 365 velut
1743 338 1838 365 cum
1870 336 1970 377 par-

198 393 387 435 turiente
429 390 595 444 agitur,
639 403 724 431 non
765 402 941 442 possum
982 401 1067 429 non
1100 401 1195 429 esse
1237 387 1414 438 aninS‚
1459 388 1661 441 quamdiu
1693 391 1845 443 partus
1886 402 1971 430 non

201 457 355 500 exierit
387 456 429 498 in
462 456 624 506 lucem,
668 457 716 497 ut
748 453 829 495 Dei
870 452 1121 507 conspectui
1161 452 1299 506 possit
1340 452 1484 495 foetus
1521 454 1665 495 offerri
1706 457 1837 507 atque
1871 467 1972 495 con-

200 521 374 564 secrari.
438 520 610 563 Vestris
650 518 825 561 interim
865 517 1189 573 precationibus
1221 520 1474 572 promouete
1505 532 1771 569 successum,
1808 522 1856 561 vt
1889 532 1972 571 quo

202 587 442 641 coepimus,
486 585 636 628 eodem
679 584 932 638 adspirante
975 584 1251 625 absoluamus
1284 582 1475 625 debitum
1506 583 1586 625 hoc
1617 583 1730 635 Deo,
1765 584 1975 637 vobisque

201 652 424 695 tributum.
488 650 698 692 Dominus
739 649 903 691 IESVS
944 648 988 690 in
1020 662 1143 690 suam
1181 647 1364 701 gloriam
1408 651 1635 690 conuertat
1675 649 1785 691 hanc
1816 648 1974 691 mentis

202 731 325 760 meae
358 716 715 771 trepidationem:
758 716 966 769 expertus
999 713 1147 764 didici,
1191 727 1320 766 quam
1352 713 1501 767 procul
1534 712 1670 754 absim
1703 714 1756 755 ab
1789 713 1862 768 ijs,
1903 713 1975 767 qui

203 785 322 825 recte
356 782 543 824 scribere
576 783 620 823 et
652 780 815 834 scripta
848 779 975 821 edere
1006 780 1166 820 norunt
1203 792 1280 832 pro
1314 777 1541 831 dignitate.
1605 778 1739 820 Credo
1773 782 1816 821 et
1849 793 1976 833 spero

203 847 344 889 minus
376 847 497 889 uobis
520 845 682 900 negotij
706 845 798 887 fore
820 844 864 886 in
887 843 1206 886 conscribendis
1237 843 1415 896 reliquis
1431 844 1468 884 1:
1504 857 1651 885 eorum
1673 857 1833 897 magna
1854 846 1977 886 tenet

204 928 284 955 nos
317 916 361 955 et
392 912 555 965 Regios
588 910 851 965 expectatio.

325 979 622 1032 Expectamus
653 976 875 1018 meliorem
908 974 1190 1024 occasionem,
1229 976 1277 1016 vt
1310 987 1420 1026 quae
1452 973 1507 1015 ad
1539 973 1877 1015 Reformandum
1909 973 1978 1015 hic

207 1043 444 1096 Religionis
486 1045 649 1086 statum
690 1039 1000 1095 proposuistis,
1042 1039 1232 1081 fructum
1273 1039 1460 1092 aliquem
1503 1038 1729 1089 adferant,
1776 1037 1976 1081 CHRisto

207 1108 434 1161 largiente.

327 1173 564 1226 Collegium
597 1171 861 1225 Vngaricum
895 1171 947 1213 ob
989 1169 1339 1225 perturbationes
1380 1183 1516 1211 nouas
1549 1172 1593 1212 et
1626 1168 1903 1211 calamitosas
1934 1167 1978 1209 in

210 1253 259 1280 eo
292 1239 458 1292 Regno,
491 1237 598 1280 nihil
629 1237 797 1286 mirum,
831 1236 867 1278 si
898 1237 979 1278 1100
1010 1235 1179 1289 hijemis
1211 1238 1407 1289 tempore
1437 1234 1579 1276 iaceat
1594 1235 1622 1277 2.
1672 1234 1863 1276 Primum
1895 1233 1980 1276 erit

211 1304 290 1346 deo
323 1304 430 1346 (11100
464 1304 685 1357 Pragense
717 1301 968 1355 Collegium,
1002 1301 1057 1343 ad
1090 1301 1202 1354 quod
1235 1300 1385 1343 statim
1411 1300 1507 1342 Rex
1538 1300 1673 1341 vellet
1705 1299 1876 1341 euocari
1911 1301 1978 1348 12,

210 1369 293 1411 nisi
314 1372 486 1424 tempus
509 1369 719 1418 obstaret,
743 1370 787 1409 et
809 1367 958 1422 pestis,
983 1380 1093 1420 quae
1115 1365 1235 1408 breui
1269 1365 1459 1407 extinxit
1490 1379 1574 1407 vno
1598 1365 1665 1406 die
1687 1365 1857 1418 Pragae
1883 1366 1979 1406 124.

211 1434 421 1477 Dominus
461 1433 720 1476 misereatur
750 1435 818 1475 tot
859 1432 1120 1482 animarum,
1164 1445 1273 1484 quae
1314 1431 1480 1474 vtinam
1512 1431 1555 1472 in
1587 1430 1671 1472 fide
1710 1430 1980 1472 decederent.

212 1501 278 1542 De
319 1514 402 1553 quo
445 1498 656 1553 Pragensi
688 1498 878 1551 Collegio
920 1498 1046 1552 plura
1084 1496 1127 1538 in
1167 1496 1306 1538 literis
1348 1496 1403 1538 ad
1434 1496 1481 1538 P.
1515 1495 1788 1550 Prepositum
1805 1496 1833 1537 3.
1897 1495 1984 1536 Re-

213 1565 550 1608 uerendissimus
582 1565 633 1606 D.
667 1562 983 1605 Labbaccensis
1015 1562 1078 1605 ita
1109 1576 1277 1603 mecum
1311 1560 1487 1611 statuit,
1532 1561 1645 1614 quod
1677 1561 1760 1603 etsi
1791 1560 1986 1615 pluribus

214 1631 257 1672 in
289 1630 397 1672 locis
430 1629 538 1683 erigi
571 1628 754 1682 collegia
776 1628 844 1669 hic
878 1629 1039 1681 queant
1061 1626 1270 1669 Societati
1296 1624 1426 1679 (sicut
1448 1625 1662 1680 prioribus
1694 1625 1824 1668 etiam
1848 1625 1987 1667 literis

214 1695 419 1749 indicaui)
453 1695 591 1737 satius
623 1697 771 1737 tamen
805 1696 935 1747 atque
969 1692 1207 1736 consultius
1238 1692 1453 1742 videatur,
1486 1706 1599 1733 nunc
1631 1691 1861 1745 praecipue
1894 1690 1986 1732 ani-

216 1775 310 1803 mos
342 1761 398 1803 ad
429 1760 537 1802 haec
571 1761 652 1802 duo
686 1758 879 1812 Collegia
920 1757 1236 1808 confirmanda,
1270 1756 1516 1798 Viennense
1549 1759 1593 1798 et
1624 1757 1867 1809 Pragense,
1910 1755 1987 1797 ad-

217 1827 409 1880 iungere.
464 1825 659 1868 Tertium
692 1839 772 1878 ego
798 1823 1146 1877 Iugolstacliense
1179 1822 1384 1865 constitui
1417 1822 1558 1872 uelim,
1595 1822 1646 1863 de
1679 1836 1762 1874 (1110
1794 1820 1987 1863 110111111111

219 1892 333 1946 (111οᾶ
373 1891 560 1933 scribam
600 1890 752 1932 habeo.
816 1889 916 1931 Fuit
957 1888 1070 1930 enim
1106 1887 1175 1930 hic
1213 1887 1482 1930 Secretarius
1523 1887 1655 1929 Ducis
1695 1885 1987 1936 Bauariensis‚

219 1971 383 2011 uosque
424 1957 638 1999 salutatos
680 1954 869 1997 maxime
900 1969 978 2009 per
1010 1968 1078 1995 me
1110 1952 1270 2002 voluit,
1311 1967 1491 2005 quorum
1523 1951 1852 1994 beneficentiam
1885 1965 1991 2004 erga

221 2037 268 2065 se
300 2023 528 2075 magnifice
562 2021 834 2064 commendat
849 2021 878 2062 4.
936 2020 994 2061 Et
1025 2019 1176 2061 literas
1210 2017 1380 2071 quidem
1413 2017 1523 2059 Duci
1555 2032 1631 2059 suo
1664 2017 1862 2071 scriptas,
1897 2016 1991 2069 qui-

221 2090 301 2131 bus
324 2087 501 2141 Collegij
527 2101 703 2129 causam
726 2085 1014 2139 explicabatis
1029 2085 1057 2135 5,
1092 2097 1178 2125 non
1200 2083 1396 2136 ingratas
1419 2082 1552 2124 fuisse
1575 2082 1697 2132 dixit,
1732 2082 1807 2124 sed
1830 2080 1991 2123 differri

221 2158 370 2197 tamen
403 2151 723 2207 expeditionem
749 2151 792 2192 in
816 2150 998 2193 Comitia
1029 2150 1290 2202 Augustana
1305 2150 1333 2199 ⁰,
1367 2151 1416 2190 ut
1448 2162 1543 2190 cum
1566 2148 1687 2201 Rege
1718 2150 1866 2190 nostro
1889 2147 1991 2188 Dux

221 2219 309 2261 illic
350 2233 494 2261 coram
536 2220 642 2270 agat
675 2217 727 2259 de
767 2230 836 2257 me
871 2216 926 2257 ad
967 2217 1110 2256 certos
1150 2227 1322 2255 menses
1362 2212 1631 2255 restituendo
1672 2211 1990 2265 Ingolstadien-

224 2286 364 2328 sibus:
404 2284 467 2327 ita
498 2283 592 2325 fieri
633 2281 897 2325 commodius
938 2294 1087 2335 posse,
1131 2292 1241 2332 quae
1282 2278 1336 2320 ad
1379 2280 1642 2320 structuram
1675 2277 1852 2331 Collegij
1887 2291 1990 2318 con-

225 2349 431 2394 stituendi
474 2348 634 2391 nostris
675 2361 781 2401 opus
823 2360 917 2388 esse
958 2345 1222 2387 viderentur.
1285 2344 1380 2396 Ego
1421 2357 1524 2384 vero
1567 2356 1687 2397 spem
1728 2341 1893 2392 addidi,
1936 2355 1990 2382 110

226 2416 476 2458 dubitarent
508 2429 533 2456 a
565 2413 686 2466 Rege
727 2412 816 2455 tale
858 2410 1060 2464 quiddam
1100 2423 1227 2464 posse
1268 2408 1514 2462 impetrari:
1557 2410 1751 2449 nostrum
1793 2411 1882 2450 tres
1922 2405 1992 2447 hic

228 2495 323 2523 esse
344 2481 556 2522 Doctores
571 2479 600 2529 ⁷,
634 2491 815 2531 quorum
846 2490 956 2517 Vnus
990 2476 1141 2518 abesse
1172 2476 1320 2528 posset
1352 2473 1406 2514 ad
1427 2476 1598 2527 tempus
1624 2472 1716 2514 sine
1748 2472 1873 2526 graui
1906 2471 1993 2513 dis-

227 2545 405 2601 pendio,
438 2543 806 2596 incommodoque.
859 2541 1030 2583 Literas
1071 2539 1202 2582 etiam
1244 2538 1421 2580 adiunxi
1453 2538 1507 2579 ad
1540 2537 1838 2580 Consiliarium
1870 2536 1994 2579 nobis

354 2669 361 2687 ¹
389 2665 594 2701 Enclliridio
621 2663 855 2709 parochorum
883 2665 917 2696 et
945 2673 1083 2696 summa
1109 2660 1330 2705 theologica;
1358 2673 1391 2694 v.
1419 2672 1527 2705 supra
1553 2673 1586 2705 p.
1613 2660 1811 2694 472—473.
1838 2660 1917 2693 485.

351 2722 364 2740 2
391 2720 443 2754 Cf.
480 2730 587 2764 supra
624 2731 656 2763 p.
683 2718 763 2751 467.
814 2716 952 2750 Turcae
988 2715 1120 2749 bellum
1155 2726 1258 2748 suum
1294 2714 1473 2758 persicum
1507 2713 1656 2747 indutiis
1692 2713 1746 2747 30.
1775 2711 1994 2757 Septembris

235 2775 325 2808 1554
360 2773 467 2807 factis
496 2773 600 2816 (quas
627 2782 718 2805 anno
747 2771 836 2804 1555
863 2780 934 2814 pax
973 2769 1051 2813 ipsa
1077 2770 1201 2802 secuta
1228 2768 1298 2806 est‘)
1327 2767 1521 2801 finiverant
1550 2767 1699 2810 ideoque
1727 2765 1847 2810 copias
1873 2775 1997 2798 omnes

233 2828 268 2861 111
292 2826 512 2870 Hungariam
541 2826 670 2859 ducere
697 2826 863 2869 poterant
892 2822 1079 2865 (Hammer
1104 2821 1126 2855 l.
1154 2833 1183 2855 c.
1211 2821 1253 2861 ll,
1281 2820 1498 2864 2:36—237).

356 2883 367 2898 ³²
394 2880 549 2913 Litteras
578 2879 631 2911 14.
660 2877 825 2911 Octobris·
855 2876 945 2910 1:354
972 2875 1075 2909 datas
1102 2874 1206 2915 dicit:
1235 2886 1268 2908 V.
1297 2885 1405 2918 supra
1431 2886 1463 2918 p.
1491 2873 1689 2907 495-497.

355 2935 365 2952 ‘¹
394 2932 571 2966 Hem-icus
590 2930 827 2971 Schweicker‚
846 2928 986 2964 Albcrti
1004 2928 1047 2962 V.
1067 2928 1167 2962 ducis
1186 2928 1413 2967 secretarius,
1432 2938 1553 2960 mense
1572 2925 1668 2960 Maio
1687 2937 1716 2959 a.
1739 2924 1828 2958 1554
1847 2923 1996 2957 Romam

237 2986 367 3019 missus
401 2988 495 3026 erat,
531 2987 570 3019 ut
605 2984 796 3028 collegium
822 2981 1102 3026 ingolstadiensc
1129 2982 1172 3015 ab
1199 2980 1340 3024 Ignatio
1366 2980 1585 3024 impetraret.
1637 2978 1688 3013 Cf.
1720 2988 1829 3021 supra
1855 2989 1888 3021 p.
1915 2977 1995 3011 486.

358 3039 369 3055 ⁵
396 3038 485 3071 Vide
511 3049 619 3082 supra
646 3050 677 3082 p.
705 3037 806 3070 486⁶.

359 3092 370 3107 “’·
398 3091 640 3124 Constitutum
679 3093 757 3124 erat
792 3089 935 3123 comitia
971 3090 1173 3132 augustana
1212 3088 1264 3121 1:13.
1292 3085 1507 3120 Novembris
1544 3084 1634 3118 1554
1669 3083 1870 3127 incipienda
1908 3095 1997 3117 esse.

241 3144 373 3187 Coepta
402 3144 541 3176 demum
569 3146 652 3177 sunt
679 3144 709 3177 5.
737 3142 919 3176 Februarii
950 3142 1040 3175 1555
1071 3141 1237 3184 (Janssen
1266 3139 1327 3180 III,
1355 3138 1451 3181 748).

362 3197 372 3215 ³
401 3195 574 3237 Canis-ius,
602 3195 769 3230 Nicolaus
797 3195 1002 3236 (londanus,
1029 3193 1200 3228 Nicolaus
1226 3192 1381 3226 Lanoius
1411 3191 1593 3233 „doctores
1620 3189 1796 3233 theologi*
1828 3191 1940 3224 erant.
