2113 3430
217 240 301 280 454
615 235 692 269 146.
729 233 975 268 Ferdinandus
1001 234 1026 268 Ι.
1055 233 1208 268 Canisio.
1254 234 1307 269 16.
1334 234 1454 269 Martii
1483 235 1584 270 1554.

339 353 521 386 Cam'sa'um
543 356 664 393 monet,
694 355 729 383 ut
757 351 1018 390 catechismum,
1046 351 1177 393 qnippe
1202 351 1265 393 que?
1287 351 1459 393 plurimis
1477 353 1698 395 profuturus
1723 353 1789 394 sit,
1825 353 1987 385 celeriter

217 407 382 440 absolvat.
436 406 531 438 Eum
567 405 695 437 librum
730 405 932 447 yermanic‘e
967 413 1103 447 quoque
1136 404 1340 436 vertendam
1375 409 1405 437 et
1442 406 1478 437 in
1514 409 1585 438 tota
1620 406 1772 439 Austri«
1812 407 1987 448 inferiore

219 462 318 493 unice
344 458 581 491 adla'benclum
608 468 686 491 esse.
741 458 885 490 Cam'sio
906 457 1141 500 praescribit,
1180 461 1215 489 111¹
1243 458 1280 489 in
1308 459 1469 500 mccrye'ne
1495 458 1604 491 libros
1630 460 1816 502 capitaque
1844 460 1987 502 indicet,

216 524 259 546 ec
285 512 411 556 quihus
437 511 650 554 Scripturae
676 514 705 543 et
733 510 883 543 Patrum
910 511 1111 543 testimonia
1137 509 1379 553 desumpserit.

305 598 603 642 Ferdinandus
635 596 793 640 Diuina
824 597 1002 640 fauente
1035 597 1266 640 clementia
1299 597 1594 641 Romanorum
1627 600 1892 654 Hungariae,

855 662 1090 704 Bohemiae
1122 666 1203 706 etc.
1237 663 1347 706 Rex.

336 745 636 795 Honorabilis,
679 744 882 799 religiose
913 746 1082 788 Deuote
1123 744 1246 787 nobis
1279 745 1448 789 dilecte.
1513 745 1710 788 Vidimus
1743 750 1786 790 et
1821 747 1987 790 discus-

217 813 350 855 simus
391 812 578 867 priorem
610 811 729 853 illam
770 813 940 865 partem
982 810 1211 853 catechisis
1243 813 1400 862 tuael,
1441 825 1570 864 quam
1602 811 1832 854 videndam
1863 813 1988 855 nobis

219 878 388 927 dedisti,
425 880 470 920 et
495 877 547 919 de
571 890 622 918 ea
644 876 707 918 ita
740 876 951 918 sentimus
985 878 1117 929 atque
1149 890 1387 930 speramus,
1423 877 1535 930 quod
1558 877 1593 931 sj
1620 876 1663 918 in
1685 877 1822 920 lucem
1857 879 1989 920 aeda-

218 947 302 994 tur,
337 943 392 985 ad
414 943 600 985 salutem
622 941 812 983 fidelium
835 941 1105 984 subditorum
1128 944 1388 992 nostrorum,
1412 943 1503 984 Deo
1526 941 1726 996 propitio,
1757 943 1988 997 plurimum

218 1009 275 1052 sit
307 1008 549 1063 profutura.
599 1007 794 1060 Eamque
827 1007 880 1048 ob
902 1020 995 1048 rem
1027 1006 1104 1049 abs
1128 1009 1171 1048 te
1205 1007 1440 1049 clementer
1464 1007 1665 1061 petimus,
1698 1010 1746 1049 ut
1778 1007 1987 1061 reliquam

219 1074 351 1117 etiam
392 1076 562 1128 partem
605 1072 715 1115 citra
758 1086 923 1114 moram
965 1072 1192 1123 absoluaS,
1240 1072 1433 1125 adeoque
1476 1074 1618 1115 totum
1661 1076 1704 1115 et
1747 1072 1987 1127 perfectum

218 1138 565 1182 Cathechismum
598 1138 652 1180 ad
685 1152 763 1180 nos
805 1152 934 1191 quam
975 1137 1161 1192 primum
1194 1138 1285 1192 fierj
1319 1137 1501 1192 poterit,
1548 1138 1837 1181 transmittas.
1900 1139 1990 1180 De-

218 1204 448 1248 liberatum
480 1217 666 1256 namque
699 1205 743 1245 et
775 1202 1060 1246 constitutum
1093 1205 1160 1245 est
1192 1202 1327 1254 nobis,
1361 1206 1410 1245 vt
1433 1202 1760 1246 Cathechismus
1791 1203 1864 1245 ille
1886 1205 1990 1246 tuus

217 1271 261 1312 in
293 1272 488 1312 nostram
521 1283 690 1322 quoque
723 1268 1027 1311 Germanicam
1060 1267 1255 1321 linguam
1287 1269 1601 1319 transferatur,
1645 1283 1695 1311 ac
1726 1268 1770 1311 in
1801 1272 1988 1322 Vtraque

218 1336 367 1389 lingua
388 1334 506 1389 typis
529 1348 727 1385 excusus,
763 1333 949 1387 quinque
977 1333 1253 1376 inferioribus
1280 1333 1510 1389 prouintijs
1532 1334 1693 1376 nostris
1715 1333 1958 1377 Austriacis
1973 1334 1993 1360 2

220 1404 264 1444 et
296 1400 528 1454 Comitatuj
571 1402 721 1442 nostro
756 1399 950 1442 Goritiae
990 1399 1160 1453 publice
1201 1413 1279 1453 per
1316 1413 1465 1441 omnes
1495 1399 1676 1441 Latinas
1718 1403 1848 1452 atque
1883 1399 1992 1441 Ger-

219 1466 412 1508 manicas
445 1465 615 1507 scholas
640 1465 871 1507 Juuentuti
901 1467 1171 1519 proponatur
1192 1467 1236 1507 et
1258 1465 1549 1518 praelegatur,
1583 1478 1722 1518 neque
1745 1465 1857 1506 ullus
1880 1464 1993 1506 alius

219 1532 298 1574 sub
325 1530 584 1585 grauissima
615 1544 755 1584 poena
788 1533 832 1572 et
863 1529 1160 1582 indignatione
1192 1533 1342 1572 nostra
1365 1530 1584 1572 doceatur.
1613 1530 1695 1572 ’Μ
1728 1532 1873 1572 autem
1907 1543 1991 1582 quo

221 1595 484 1639 commodius
515 1597 605 1645 fiat,
640 1595 902 1637 remittimus
934 1609 1046 1636 nunc
1080 1594 1158 1648 tibj
1190 1594 1380 1649 priorem
1410 1594 1529 1637 illam
1562 1597 1744 1649 partem,
1778 1595 1992 1643 iubenteS,

220 1665 270 1705 vt
302 1664 403 1704 ante
437 1661 579 1703 omnia
611 1660 655 1702 in
686 1660 883 1713 margine
909 1660 1067 1714 vbique
1100 1674 1306 1714 expresse
1338 1663 1521 1702 annotes
1553 1660 1649 1702 loca
1681 1663 1724 1703 et
1757 1659 1914 1714 capita,
1948 1659 1991 1700 in

221 1727 375 1780 quibus
415 1725 697 1780 reperiendae
739 1729 865 1768 erunt
907 1725 1149 1779 scripturae
1196 1727 1288 1768 tum
1333 1739 1555 1767 sacrorum
1599 1725 1851 1775 bibliorum,
1898 1727 1990 1766 tum

220 1793 429 1835 Diuorum
451 1792 631 1834 Patrum
663 1792 900 1834 Doctorum
924 1791 1230 1844 Canonumque
1263 1790 1534 1841 Sanctorum,
1569 1804 1679 1844 quae
1711 1790 1754 1832 in
1777 1790 1989 1844 Catechisj

219 1858 306 1900 ista
329 1858 406 1900 abs
427 1861 472 1900 te
495 1858 634 1907 docte,
668 1856 878 1910 apposite,
914 1859 958 1899 et
989 1856 1059 1910 pie
1092 1856 1352 1909 allegantur,
1385 1858 1435 1898 vt
1457 1855 1588 1898 etiam
1612 1870 1638 1898 a
1658 1854 1995 1909 Ludimagistris

221 1923 580 1978 imperitioribUS,
624 1921 806 1976 alijsque
846 1921 988 1963 minus
1030 1924 1213 1963 exactae
1255 1925 1299 1964 et
1339 1921 1581 1975 profundae
1624 1920 1832 1963 scientiae
1872 1919 1994 1969 viris,

221 1988 508 2042 allegationes
549 1987 660 2030 istae
703 1987 850 2041 quaerj
885 1989 929 2029 et
960 1986 1097 2041 viderj
1139 1986 1328 2040 possint,
1372 1986 1472 2039 quia
1509 2000 1594 2028 non
1636 1986 1838 2039 exiguam
1871 1998 1990 2039 spem

222 2054 508 2108 concepimus,
541 2053 622 2095 hoc
643 2052 769 2094 modo
793 2052 965 2102 multos,
1000 2052 1070 2106 quj
1093 2065 1171 2106 per
1192 2051 1485 2105 ignorantiam
1506 2052 1616 2106 lapsj
1639 2054 1752 2101 sunt,
1786 2051 1828 2092 in
1851 2050 1991 2092 sinum

222 2122 266 2161 et
298 2119 490 2162 salutare
522 2117 732 2172 gremium
766 2118 951 2160 Sanctae
984 2117 1232 2160 Catholicae
1264 2116 1419 2159 Matris
1457 2119 1634 2158 nostrae
1667 2115 1888 2158 Ecclesiae
1921 2128 1990 2156 re—

223 2184 399 2226 ductum
421 2184 487 2238 irj,
522 2186 566 2226 et
587 2182 899 2237 scripturarum
922 2182 1092 2224 illarum
1117 2182 1260 2236 sensuj
1292 2196 1342 2224 ac
1365 2181 1671 2224 monitionibus
1692 2181 1822 2234 longe
1843 2181 1992 2234 plures

223 2263 351 2303 quam
392 2249 624 2300 hactenus,
666 2247 866 2290 videntes
898 2247 1097 2289 nimirum
1140 2246 1371 2300 originem,
1415 2246 1527 2288 vnde
1560 2247 1614 2288 ab
1646 2248 1690 2288 te
1722 2245 1883 2287 fuerint
1916 2245 1991 2286 de-

224 2315 400 2365 ductae,
444 2314 820 2368 obtemperaturos
861 2326 969 2355 esse.
1034 2312 1357 2366 Quamprimum
1398 2311 1531 2365 igitur
1571 2310 1874 2353 annotationes
1915 2323 1991 2351 seu

223 2379 509 2433 allegationes
548 2378 657 2421 istas
699 2377 958 2429 confeceris,
1001 2377 1094 2427 fac,
1137 2380 1185 2420 ut
1226 2376 1412 2431 priorem
1454 2376 1574 2418 illam
1614 2378 1783 2430 partem
1826 2375 1880 2417 ad
1912 2389 1994 2417 nos

224 2444 374 2487 statim
406 2443 619 2494 remittas,
654 2442 753 2496 quia
784 2443 952 2485 interea
984 2442 1205 2496 temporis,
1240 2442 1374 2483 donec
1400 2440 1443 2482 in
1467 2440 1767 2483 Germanicam
1799 2440 1992 2494 linguam

224 2510 309 2552 ista
342 2511 554 2559 uertatur,
588 2507 753 2562 poteris
786 2522 835 2550 ac
869 2507 1043 2549 debebis
1076 2507 1206 2550 etiam
1239 2506 1458 2548 residuum
1491 2507 1715 2556 conficere,
1752 2508 1796 2548 et
1828 2506 1882 2547 ad
1914 2519 1994 2547 nos

348 2638 356 2658 ¹
384 2636 549 2672 Canisius
580 2636 782 2679 „Summam
810 2635 992 2669 doctrinae
1023 2634 1259 2669 christiana&
1291 2634 1341 2668 ita
1369 2634 1564 2679 disposuit,
1599 2636 1640 2668 ut
1665 2634 1700 2668 in
1736 2635 1852 2679 priore
1888 2636 1993 2679 parte

228 2690 460 2736 ¹„sapientia“,
487 2690 522 2724 in
549 2690 662 2724 altera
692 2688 869 2731 ,Λιιεῐίῒὶει14
901 2687 1096 2722 christiana
1122 2689 1424 2732 proponerentur;
1451 2687 1513 2721 illa
1538 2688 1561 2721 4
1584 2687 1702 2732 capita
1721 2687 1993 2732 complectitur:

229 2746 257 2778 1.
284 2744 337 2778 De
363 2744 431 2779 fide
459 2746 495 2778 et
512 2742 673 2788 symbolo
692 2742 784 2776 fidei.
821 2742 852 2776 2.
872 2741 924 2775 De
942 2753 1005 2786 spe
1024 2743 1059 2775 ct
1078 2740 1236 2775 oratione
1255 2741 1442 2782 dominica,
1469 2752 1550 2775 cum
1576 2740 1792 2775 salutatione
1816 2739 1991 2783 angelica.

226 2798 256 2830 3.
285 2798 336 2831 De
364 2797 514 2831 caritate
550 2798 586 2830 et
610 2795 813 2840 praeceptis
848 2794 1009 2837 decalogi
1035 2796 1144 2838 atque
1171 2793 1355 2828 ecclesiae.
1401 2795 1433 2828 4.
1462 2794 1514 2828 De
1551 2793 1797 2828 sacramentis.
1848 2792 1989 2826 Iustitia

227 2850 422 2884 christiana
448 2862 517 2884 uno
544 2850 661 2894 capite
687 2848 897 2888 absolvitur,
925 2847 1017 2891 quod
1044 2847 1154 2881 totius
1180 2847 1262 2881 libri
1289 2847 1453 2891 quintum
1481 2849 1537 2881 est
1562 2847 1747 2890 docetque,
1779 2857 1869 2889 quae
1895 2845 1989 2879 mala

229 2904 351 2945 sugere
378 2905 541 2948 oporteat
569 2902 733 2947 (peccata
759 2901 926 2935 universe
952 2902 1126 2945 spectata,
1154 2899 1334 2945 capitalia,
1362 2899 1480 2934 aliena
1507 2899 1609 2943 eto),
1638 2910 1728 2943 quae
1754 2899 1845 2933 bona
1871 2897 1991 2932 facere

229 2955 285 2987 vel
313 2955 511 2989 consectari
541 2954 744 2999 (ieiunium,
781 2965 925 2998 preces,
955 2953 1220 2988 misericordiae
1247 2964 1373 2998 opera,
1400 2953 1556 2987 virtutes
1583 2951 1800 2991 cardinales,
1838 2950 1929 2984 dona
1955 2953 1990 2985 et

229 3008 368 3041 fructus
395 3008 549 3052 Spiritus
575 3007 710 3048 sancti,
738 3007 998 3047 beatitudines,
1032 3006 1180 3040 consilia
1207 3005 1455 3049 evangelica);
1497 3007 1669 3049 „quatuor
1696 3002 1847 3037 hominis
1874 3004 1992 3038 novis—

229 3060 347 3093 simis*
378 3061 484 3094 rebus
511 3073 598 3105 opus
624 3060 849 3095 terminatur.
900 3059 990 3094 Vide
1017 3061 1163 3093 editoris
1194 3058 1489 3101 „Katechisme11“
1520 3060 1586 3092 etc.
1613 3069 1645 3102 p.
1674 3056 1823 3091 34—36.

350 3116 362 3132 ’-’
393 3114 573 3157 Quinque
612 3114 797 3147 inferiores
835 3113 1040 3158 provinciae
1078 3112 1310 3146 Austriacae“
1354 3113 1475 3145 erant:
1518 3109 1664 3144 Austria
1708 3109 1800 3143 infra
1840 3109 1990 3144 Anisum

232 3167 352 3207 (miter
379 3165 441 3198 der
466 3166 589 3209 Emis),
617 3166 763 3200 Austria
790 3178 897 3211 supra
916 3166 1066 3199 Anisum
1096 3165 1153 3209 (ob
1181 3166 1242 3199 der
1269 3163 1394 3207 Enns),
1423 3163 1554 3208 Styria,
1582 3162 1776 3204 Carinthia,
1805 3162 1991 3203 Carniola:

233 3218 292 3261 qui
321 3218 427 3251 etiam
459 3218 635 3262 „quinque
662 3219 834 3253 ducatus“
864 3222 949 3252 tunc
977 3218 1196 3252 dicebantur.
