2113 3430
211 206 294 247 586
599 201 676 236 188.
714 201 880 236 Canisius
906 199 940 235 S.
967 200 1119 244 Ignatio.
1165 200 1219 235 18.
1245 200 1454 236 Decembris
1482 201 1583 236 1555.

286 351 293 357 .
325 320 513 369 „Operam
543 320 723 356 citissime
752 318 856 355 (labit
884 318 932 355 D.
964 317 1165 367 Canisias,
1202 323 1244 355 at
1272 331 1351 357 ana
1378 332 1463 356 cam
1492 320 1754 358 Illastrissimi
1782 319 1978 368 Principis

206 380 328 416 literis
356 380 408 415 acl
436 379 704 428 Praepositum
736 379 814 427 ipse
841 389 987 426 quoqne
1015 377 1155 415 scribat
1185 382 1217 415 et
1245 379 1419 426 impetret
1449 379 1605 428 plenam
1636 380 1829 428 praedicti
1869 391 1978 428 snpe-

207 440 323 475 rioris
359 450 476 487 snper
511 439 572 475 leis
610 437 783 474 omnibns
820 436 1129 486 approbationem
1157 441 1271 486 atque
1298 437 1642 486 confirmationem,
1676 442 1910 488 praeterea³
1937 442 1978 475 at

206 502 305 535 verto
335 498 625 546 respondeatur,
654 497 806 546 quando
836 501 869 533 et
898 501 987 545 quot
1008 501 1144 545 patres
1172 498 1328 533 uenturi
1356 498 1434 533 sint
1462 495 1779 546 Inqolstadinmss

324 583 476 617 Pactum
502 582 621 627 ipsum
647 581 704 615 hic
738 593 807 615 non
843 581 1006 627 ponitur;
1042 581 1113 615 iam
1148 581 1242 615 enim
1276 580 1376 627 typis
1411 582 1631 627 exscriptum
1659 584 1716 616 est
1740 594 1779 617 a:
1817 583 1980 616 Mederer

205 636 228 671 l.
252 648 281 671 0.
308 636 370 678 IV,
397 635 604 676 282—285;
631 636 707 670 Fel.
734 636 809 669 Jos.
834 635 1037 679 Lipowsky,
1065 633 1282 669 Geschichte
1309 635 1372 669 der
1397 634 1561 669 Jesuiten
1586 635 1622 669 in
1649 635 1789 676 Baiern,
1818 637 1847 670 1.
1875 634 1979 669 Theil

208 689 405 733 (Miinchen
428 689 545 731 1816),
565 701 598 734 p.
619 689 780 729 69—74;
799 689 849 722 M.
868 700 897 722 r.
916 689 1108 732 Fregsberq,
1127 687 1404 732 Pragmatische
1423 687 1640 723 Geschichte
1660 688 1722 722 der
1739 689 1978 734 bayerischen

206 742 487 786 Gesetzgebung
505 743 555 776 111
578 741 741 786 (Leipzig
762 741 882 783 1838),
909 741 1117 783 226—228;
1146 742 1310 775 Paclztler
1331 741 1354 776 l.
1374 753 1403 776 0.
1423 742 1449 782 Ι,
1468 742 1676 782 345-349;
1702 742 1738 776 111
1761 742 1909 784 „Cartas
1935 743 1978 777 de

207 798 283 830 San
302 798 465 840 Iynacio‘
497 796 558 837 VI,
586 795 784 829 617—621.
820 794 923 829 Paeti
949 806 1088 829 summa
1114 794 1204 829 haec
1232 797 1306 829 est:
1333 794 1416 828 Dux
1443 793 1613 829 Societati
1644 795 1854 839 „collegium
1879 795 1978 830 theo-

204 849 380 894 logicum⁴⁴
411 861 492 883 cum
518 849 651 883 sacello
678 851 714 883 et
739 848 842 882 horto
868 848 989 882 tradet
1014 848 1201 892 eidemque
1227 848 1382 882 reditum
1409 860 1566 882 annuum
1592 848 1805 893 providebit,
1832 849 1979 893 quierit

205 903 273 937 800
291 903 505 937 florenorum
532 902 771 943 rhenensium,
799 901 1016 936 schafforum
1043 901 1154 936 tritici
1174 902 1204 943 6,
1232 901 1387 944 siliginis
1413 901 1444 943 2,
1472 913 1608 935 avenae
1635 901 1667 936 2.
1704 901 1863 936 Societas
1889 902 1978 937 duos

204 956 408 999 theologiae
434 956 658 1001 professores
684 955 908 989 academicos
929 957 966 989 et
983 955 1143 989 scholam
1162 966 1352 1000 puerorum
1371 955 1568 999 gratuitam
1586 955 1792 995 constituet,
1819 966 1860 989 ac
1878 955 1978 990 scho—

205 1009 353 1044 lasticos
372 1010 481 1043 etiam
500 1009 545 1043 ad
564 1010 674 1043 bonos
692 1020 819 1050 mores,
838 1008 995 1042 maxime
1013 1008 1115 1042 verbi
1134 1008 1246 1042 divini
1261 1008 1511 1053 explicatione,
1530 1008 1706 1042 instituet.
1734 1007 1824 1042 Duci
1839 1020 1979 1052 quoque

205 1063 241 1096 in
259 1062 432 1106 religione
451 1062 697 1097 conservanda
716 1065 753 1096 et
770 1062 986 1096 vindicanda
1004 1061 1150 1103 serviet,
1178 1062 1476 1106 quotiescumque
1493 1061 1525 1096 is
1543 1061 1759 1106 requisierit.
1795 1061 1979 1096 Universi-

205 1116 291 1150 tatis
318 1115 520 1161 privilegiis
543 1115 636 1149 Socii
661 1117 810 1149 utentur
835 1117 944 1159 atque
971 1116 1137 1160 episcopo
1169 1115 1386 1157 „ordinario“
1411 1115 1659 1160 (eystettensi)
1690 1117 1725 1149 et
1750 1114 1979 1149 universitati

206 1169 383 1214 parebunt
408 1169 502 1203 sicut
529 1168 650 1203 ceteri.
699 1168 808 1210 ,Cum
834 1170 981 1214 propter
1006 1168 1141 1203 multas
1167 1180 1299 1213 graves
1326 1170 1362 1203 et
1387 1170 1559 1212 urgentes
1585 1168 1754 1207 rationes.
1773 1168 1824 1202 de
1851 1168 1980 1212 quibus

206 1223 247 1258 D.
269 1222 410 1256 Canisio
437 1222 527 1256 satis
554 1224 728 1263 constat“,
756 1222 948 1266 collegium
973 1221 1156 1256 aedificari
1174 1222 1330 1256 nondum
1348 1222 1472 1267 possit,
1500 1221 1593 1256 Socii
1619 1222 1756 1256 interea
1774 1221 1810 1255 in
1829 1221 1979 1265 collegio

206 1276 321 1310 veteri
347 1276 424 1310 sive
451 1276 553 1310 domo
580 1276 830 1310 universitatis
848 1276 970 1310 sedem
995 1276 1189 1318 habebunt,
1216 1288 1308 1320 quae
1329 1287 1430 1318 „cum
1449 1276 1612 1310 omnibus
1638 1275 1853 1320 necessarijs
1871 1286 1979 1319 quam

206 1330 359 1375 primum
386 1331 422 1364 et
447 1329 591 1363 iamiam
619 1331 834 1375 apparatur,
861 1329 1159 1374 quemadmodum
1186 1330 1227 1364 D.
1256 1329 1421 1363 Canisius
1447 1329 1524 1374 ipse
1550 1328 1738 1370 ordinabit,
1764 1330 1806 1362 ut
1831 1340 1911 1362 cum
1938 1340 1979 1363 eo

205 1385 421 1417 conuentum
449 1384 523 1417 est“
542 1384 562 1417 ¹.
613 1382 734 1416 Primo
760 1394 845 1416 vere
872 1382 955 1416 anni
983 1383 1073 1417 1556
1109 1382 1321 1426 Ingolstadii
1356 1383 1526 1423 aderunt;
1564 1382 1637 1416 dux
1667 1381 1793 1416 deinde
1828 1393 1908 1416 cum
1934 1381 1979 1416 iis

205 1436 344 1480 reliqua
379 1436 585 1470 constituet.
639 1435 739 1470 Haec
774 1436 891 1470 omnia
927 1435 1039 1470 Sociis
1074 1437 1149 1470 tam
1176 1436 1236 1470 diu
1268 1447 1289 1470 a
1315 1436 1404 1470 duce
1437 1435 1736 1481 praestabuntur,
1775 1445 1979 1479 „quousque

204 1491 362 1535 ipsorum
389 1489 549 1523 officium
574 1489 609 1523 in
629 1489 814 1523 academia
840 1489 1110 1533 Ingolstadiana
1137 1489 1328 1533 diligenter
1354 1489 1647 1533 sufficienterque
1673 1489 1923 1523 exercebunt.“

323 1572 361 1616 b)
390 1574 449 1606 Em
475 1574 675 1616 archetypo.

323 1643 488 1689 Epistula
507 1643 646 1677 Alberti
664 1643 707 1678 V.
728 1645 850 1678 exstat
867 1643 903 1677 in
926 1645 1046 1685 „Actis
1064 1646 1276 1678 Sanctorum
1293 1643 1392 1677 Iulii*
1411 1642 1480 1677 VH
1498 1643 1735 1688 (Antverpiae
1751 1641 1871 1685 1731),
1887 1641 1973 1682 502;

205 1698 418 1731 ,lIenclzacae
443 1696 610 1742 epistulis
636 1696 669 1731 S.
697 1697 829 1740 Ignatii
854 1709 888 1742 p.
916 1697 1124 1737 550—552;
1153 1696 1279 1731 Cartas
1307 1697 1349 1731 de
1377 1698 1453 1731 San
1479 1698 1624 1740 [quacio
1650 1696 1712 1738 VI,
1738 1696 1936 1730 616-617,

1440 1776 1509 1784 ..αν-ι

323 1776 502 1812 Albertas
522 1775 561 1812 V.
590 1775 629 1812 S.
658 1775 822 1825 anatio,
850 1775 1051 1813 sslonacliio
1081 1777 1141 1812 12.
1166 1775 1384 1813 Dea-vmbris
1405 1776 1531 1811 1000:
1561 1775 1661 1821 Quid
1691 1776 1769 1823 ipse
1788 1787 1864 1823 per
1892 1786 1975 1810 con—

204 1835 373 1872 siliarios
392 1847 481 1872 suos
500 1847 585 1871 eam
606 1834 760 1872 Canisio
779 1837 1028 1884 constituerit,
1048 1834 1246 1872 Ccmisiam
1269 1836 1393 1884 ipsam
1415 1831 1647 1883 „latis-sined‘
1668 1834 1974 1883 sifflzifioatm‘nm

206 1907 295 1943 «sse,
323 1907 366 1930 ac
396 1907 467 1943 „etc
497 1894 683 1931 Articulis
711 1895 916 1941 nonnullis,
947 1896 1045 1931 inter
1073 1895 1191 1932 [lic-tos
1218 1925 1224 1932 .
1252 1926 1259 1932 .
1282 1925 1289 1932 .
1324 1894 1572 1932 Consiliarios
1602 1899 1634 1931 et
1663 1893 1862 1931 Canisimn
1891 1904 1974 1929 oon-

206 1955 359 2002 seriptis
388 1958 420 1990 et
449 1953 680 2002 sab-siqnatis
702 1983 709 1990 .
732 1984 739 1990 .
761 1984 768 1990 .
781 1983 792 2001 ,
823 1966 916 2002 quos
944 1967 1016 1991 ‘cna
1036 1956 1267 1991 transmittet
1286 1954 1492 2003 copiosins“
1517 1955 1705 2002 eoynitam
1725 1954 1789 1990 iri.
1826 1952 1976 2001 Royarc

206 2026 244 2049 se
275 2014 414 2061 itaque,
442 2018 484 2049 ut
509 2012 681 2061 [quatias
710 2015 838 2049 omnia
867 2018 953 2050 rata
983 2013 1116 2050 habeat
1146 2018 1177 2051 et
1197 2026 1344 2051 summo
1357 2013 1531 2062 pontifici
1550 2013 1778 2050 commendet
1797 2024 1841 2049 ao
1860 2024 1973 2060 quam

199 2073 375 2120 primam
396 2073 524 2109 Socios
542 2072 822 2121 Inqolstacliam
853 2074 990 2122 mittat,
1019 2086 1182 2122 quoram
1211 2074 1343 2110 saltem¹
1375 2085 1474 2109 anns
1501 2073 1606 2121 aptat
1621 2072 1810 2121 populum
1831 2083 1977 2120 qaoque

207 2133 395 2167 orationes
423 2144 554 2168 saera-s·
581 2131 717 2168 habere
737 2133 872 2180 possit.

325 2222 360 2267 c)
398 2223 451 2257 Ex
487 2223 641 2268 epistula
677 2224 875 2269 archetypa
911 2223 945 2258 S.
973 2224 1123 2268 Ignatii,
1161 2235 1252 2268 quae
1279 2226 1336 2258 est
1360 2223 1396 2258 in
1423 2224 1496 2258 cod.
1524 2235 1661 2257 monac.
1703 2222 1867 2267 „Scriptt
1895 2220 1974 2256 coll.

207 2276 376 2320 Ingolst.“
407 2277 430 2310 f.
459 2276 562 2312 7—8.

326 2354 363 2391 S.
393 2354 569 2402 Ijsnate'ns
597 2355 751 2391 Alberto
780 2355 819 2392 V.
851 2356 952 2404 (lm-i,
980 2356 1103 2392 Roma
1131 2356 1194 2393 20.
1224 2356 1405 2393 Ianuarii
1435 2356 1562 2391 1556:
1600 2385 1607 2392 .
1638 2385 1645 2392 .
1677 2384 1684 2391 .
1716 2354 1816 2402 „Per
1843 2354 1975 2391 literas

207 2413 264 2450 .E.
291 2413 333 2450 Τ.
356 2413 453 2450 XIJ
468 2414 699 2463 Decembris,
727 2419 759 2451 et
788 2415 886 2452 alias
907 2415 964 2452 .D.
987 2415 1135 2463 Canisij
1156 2414 1314 2452 XVHJ
1339 2415 1519 2463 eiusdem,
1547 2426 1631 2450 cum
1658 2413 1832 2450 articulis
1854 2413 1975 2450 atrin-

324 2546 338 2559 Β
362 2541 420 2574 Sic
445 2542 518 2574 cod.
547 2543 718 2585 „Antiqen
747 2541 912 2584 Inyolstf‘
937 2543 965 2584 f.
993 2545 1059 2584 4³;
1085 2543 1157 2575 cod.
1187 2553 1320 2575 monac.
1349 2542 1453 2585 „Lat
1481 2541 1594 2575 1606“
1622 2542 1648 2580 f.
1669 2543 1784 2583 8—9,·
1812 2540 1974 2573 IlIederer

205 2596 225 2627 Ι.
254 2607 280 2627 (·.
309 2595 373 2637 IV,
400 2597 479 2628 285.
531 2595 717 2627 Paemler:
743 2597 942 2639 propterea.

327 2718 335 2736 ¹
363 2716 482 2750 Primo
518 2717 661 2760 quidem
697 2716 891 2750 consiliarii
919 2716 1061 2750 Canisio
1088 2717 1230 2751 domum
1267 2717 1344 2751 sive
1380 2717 1570 2761 collegium
1604 2716 1686 2750 ilico
1716 2714 1973 2749 exstruendum

203 2769 426 2809 obtulerant3
462 2770 524 2803 scd
552 2772 674 2814 postca
708 2772 910 2811 „mutarunt
1029 2770 1255 2811 sententiam,
1284 2771 1377 2814 quod
1404 2771 1448 2804 ad
1474 2772 1693 2804 structuram
1720 2768 1860 2808 attinet,
1890 2767 1973 2810 quia

202 2823 444 2867 sumptuosior
470 2823 661 2864 uideretur,
688 2835 753 2857 nec
773 2823 898 2857 decere
925 2825 1108 2868 putarunt,
1135 2828 1175 2857 ut
1193 2824 1360 2868 princeps
1378 2824 1472 2858 male
1499 2827 1644 2868 propter
1661 2824 1805 2856 nostros
1822 2820 1972 2861 audiret,

202 2875 232 2908 si
259 2875 358 2909 uelut
385 2876 419 2909 in
438 2876 695 2910 Monachorum
721 2877 876 2919 gratiam
904 2888 1034 2910 nouum
1062 2879 1229 2910 extruere
1256 2877 1515 2911 Monasterium
1541 2876 1650 2920 uulgo
1677 2875 1864 2913 diceretur,
1891 2884 1970 2907 cum

201 2928 270 2961 alia
297 2929 442 2972 passim,
468 2929 527 2963 uel
554 2930 751 2970 diruantur,
779 2930 835 2963 1101
856 2930 999 2963 deserta
1026 2929 1142 2963 iacere
1169 2930 1447 2975 conspiciantur,
1475 2929 1734 2975 expectandam
1760 2927 1867 2961 aliam
1893 2938 1972 2960 esse

204 2982 373 3025 temporis
408 2983 651 3023 occasionem,
687 2983 842 3016 fortasse
869 2982 952 3017 alibi
988 2983 1161 3027 paulatim
1194 2983 1311 3017 locum
1338 2983 1470 3018 nostris
1506 2983 1728 3017 commodum
1755 2980 1830 3014 dari
1856 2991 1972 3024 posse,

203 3035 238 3065 et
266 3034 476 3078 principium
505 3036 571 3070 1100
597 3048 617 3069 a
643 3036 792 3070 modicis
818 3036 1055 3070 inchoandum
1083 3036 1209 3081 viderj.
1263 3036 1462 3079 Collegium
1488 3038 1593 3070 vetus
1627 3045 1732 3079 posse
1765 3033 1810 3067 ad
1835 3033 1972 3067 habita-

204 3084 336 3119 tionem
372 3088 555 3129 sufficere,
601 3090 717 3133 quoad
753 3089 803 3123 roi
841 3101 1053 3133 progressus
1092 3089 1224 3134 aliquis
1260 3090 1444 3133 maiorque
1482 3088 1704 3133 oportunitas
1742 3087 1967 3121 cerne1·etur“

208 3137 240 3180 (*
254 3138 335 3171 CO‘l·
377 3141 542 3184 ‚Antiqin
571 3142 738 3185 Ingolst.‘
779 3143 804 3176 f.
831 3143 882 3176 3³¹.
934 3142 1034 3176 Haec
1069 3143 1325 3176 confirmantur
1360 3144 1395 3176 et
1430 3142 1656 3186 explicantur
1690 3139 1861 3174 relatione
1892 3151 1970 3174 con—

205 3190 430 3227 siliariorum.
459 3205 564 3236 quam
592 3195 672 3228 vide
698 3195 802 3235 infra,
829 3195 923 3229 inter
949 3198 1179 3229 monumenta
1206 3194 1511 3238 ingolstadiensia.
