2113 3430
236 201 319 242 238
797 198 854 231 47.
891 197 1056 232 Canisius
1081 198 1205 232 Ioanni
1231 198 1425 244 Groppero.

354 314 420 356 An
463 314 544 356 den
587 314 924 367 hochgelertenn
958 315 1231 369 Erwirdigen
1263 317 1408 358 Heron
1440 317 1574 359 Iohan
1608 318 1802 373 Gropper
1834 318 1996 360 Doctor

235 379 351 420 vnnd
385 378 634 421 Scholaster
664 394 715 421 zu
748 379 789 422 S.
825 379 995 421 Gereon
1027 380 1200 434 bynnen
1233 381 1392 424 Collen.

353 460 515 505 Gropper
543 459 685 494 Canisio
713 460 898 505 rescripsit
926 459 1072 494 Colonia
1099 461 1154 496 20.
1181 461 1367 496 Februarii
1396 462 1497 496 1547.

1069 577 1161 619 47.

968 668 1264 716 CANISIUS

760 761 1019 805 IOANNI
1051 761 1470 806 GROPPERO.

866 852 970 889 Ulnia
996 853 1052 889 28.
1079 852 1244 890 Ianuarii
1271 853 1364 891 1547.

354 928 408 962 Ex
435 929 640 973 apographo
667 929 834 972 antiquo,
862 929 955 973 quod
982 931 1037 963 est
1062 929 1308 976 Dusseldorpii
1334 931 1369 964 in
1397 931 1542 965 archivo
1569 931 1670 975 regni
1697 931 1879 974 borussici‚
1908 932 1995 967 Con-

234 982 367 1016 volut.:
400 981 616 1019 „Geistliche
644 981 782 1016 Sachen
809 994 842 1016 n.
871 982 939 1016 535
967 983 1211 1026 (Churcoln).“

354 1034 408 1068 Ex
435 1035 556 1068 eodem
584 1035 789 1080 apographo
816 1035 907 1070 hane
934 1036 1126 1081 epistulam
1152 1037 1288 1081 primus
1314 1037 1349 1071 in
1376 1037 1492 1071 lucem
1519 1037 1638 1072 emisit
1658 1039 1906 1082 I'arrentrapp
1923 1038 1946 1072 l.
1965 1050 1994 1073 c.

233 1089 276 1125 ΙΙ,
310 1088 506 1122 114—116.

353 1172 397 1204 Se
422 1182 498 1203 cnm
526 1182 668 1204 caesare
693 1172 829 1205 L'Imam
858 1173 1051 1214 inssi-essum
1080 1183 1158 1205 esse.
1209 1173 1262 1206 De
1294 1174 1450 1206 caesaris
1484 1174 1641 1207 victoriis
1675 1174 1880 1207 incruentis.
1931 1174 1998 1207 Ec-

233 1225 357 1257 clesiae
382 1225 602 1268 trimnplmm
629 1236 672 1257 esc
697 1226 845 1258 concilio
870 1226 1066 1258 tridentino
1100 1226 1317 1268 sperandum
1356 1237 1435 1259 asse.
1488 1228 1532 1259 Se
1569 1228 1603 1259 in
1641 1227 1727 1259 aula
1761 1228 1800 1260 id
1837 1228 1997 1270 effecisse,

236 1282 271 1309 ut
297 1278 444 1310 Romam
472 1278 686 1310 scriberetur
712 1279 760 1310 ml
780 1279 933 1321 pallium
962 1279 1105 1322 aliaque
1123 1290 1196 1321 pro
1232 1289 1318 1312 noro
1353 1279 1616 1323 archiepiscopo
1651 1280 1860 1323 obtinenda,
1895 1284 1998 1324 atque

237 1335 271 1362 nt
299 1331 473 1363 indultum
502 1331 677 1374 quor-Idam
705 1332 875 1363 iudiciale
910 1332 1015 1364 eidem
1053 1333 1309 1365 concederetur.
1361 1333 1415 1366 De
1450 1333 1508 1366 lite
1544 1334 1578 1366 ln
1616 1335 1803 1366 canonicos
1828 1334 1995 1377 quosdam

235 1384 444 1417 colonienses
478 1384 600 1424 illata,
640 1384 859 1427 ,a-eycflihns*
902 1386 935 1417 in
964 1385 1265 1428 arehiepiscopum
1303 1386 1545 1429 conferendis,
1581 1387 1780 1419 cardinalis
1807 1387 1998 1430 anqustani

234 1437 464 1470 humanitate.

1029 1502 1200 1545 Jhesus.

751 1578 1004 1621 Reuerende
1036 1579 1218 1621 Domine
1252 1579 1485 1634 Groppere.

355 1654 505 1696 Gratia
539 1654 698 1696 domini
730 1655 866 1697 nostri
889 1656 993 1697 Jesu
1017 1656 1175 1698 Christi
1208 1659 1252 1699 et
1283 1670 1371 1710 pax
1396 1659 1538 1699 tecum
1561 1659 1783 1711 perpetuo.
1838 1655 1996 1710 Scripsi

235 1719 320 1760 iam
353 1718 464 1761 istuc
496 1733 791 1773 sepenumero,
827 1734 880 1762 ne
904 1721 1005 1774 quid
1028 1735 1219 1763 mearum
1242 1735 1386 1763 rerum
1409 1721 1683 1774 ignoraretis,
1737 1721 1797 1764 At
1829 1723 1896 1764 25.
1920 1721 1997 1763 Ja-

236 1784 372 1838 nuarij
416 1798 501 1826 vna
543 1799 636 1826 cum
681 1787 865 1827 Caesare
907 1789 951 1828 et
992 1786 1219 1828 Cardinale
1261 1786 1518 1839 Augustano
1560 1786 1733 1828 Vlmam
1776 1786 1998 1840 ingressus

236 1864 351 1893 sum,
394 1849 623 1891 Ciuitatem
676 1849 791 1891 illam
838 1853 955 1893 certe
1006 1851 1215 1901 nobilem,
1261 1851 1438 1893 diuitem
1480 1866 1531 1893 ac
1571 1851 1788 1906 Imperiali
1828 1851 1998 1894 nomine

237 1914 424 1967 dignam,
458 1914 539 1955 nisi
572 1915 791 1957 haeretica
824 1916 917 1957 lues
948 1916 1131 1970 primum
1166 1930 1261 1958 eam
1294 1917 1347 1958 ab
1382 1916 1488 1971 Opt:
1523 1917 1648 1959 Max:
1682 1917 1786 1967 Deo,
1818 1920 1909 1959 tum
1944 1917 1997 1958 ab

238 1980 504 2033 Imperatore
536 1980 741 2021 fidissimo
775 1981 1066 2024 alienauisset.
1125 1981 1289 2024 Dedit
1323 1985 1468 2024 autem
1500 1996 1612 2023 nunc
1644 1981 1995 2024 intellectum

237 2044 516 2094 voxatio1,
559 2048 605 2086 vt
649 2045 749 2088 licet
790 2045 1085 2099 spiritualibus
1127 2046 1260 2088 oculis
1293 2046 1539 2088 Catholicae
1581 2046 1679 2088 fidei
1711 2047 1996 2100 splendorem,

236 2109 417 2150 necdum
457 2109 660 2163 recipiat,
704 2110 803 2163 quia
844 2113 961 2153 tetra
1001 2125 1194 2153 errorum
1238 2111 1376 2165 caligo
1418 2111 1654 2166 praepedit.
1706 2111 1810 2153 nihil
1852 2114 1997 2153 tamen

237 2175 416 2215 obscure
447 2174 530 2215 iam
564 2175 793 2228 intelligat.
828 2190 939 2229 quae
972 2177 1026 2218 ad
1049 2179 1275 2218 externam
1298 2177 1491 2231 politiam
1525 2191 1761 2231 pacemque
1784 2177 1997 2230 publicam

237 2242 435 2293 spectant
449 2240 477 2281 2.
543 2240 672 2282 Faxit
703 2255 807 2294 pax
846 2245 1039 2284 nostra
1072 2242 1380 2292 Christus&
1415 2245 1463 2284 vt
1495 2242 1607 2283 sicut
1639 2256 1786 2283 onmes
1820 2242 1997 2283 Germa-

236 2304 334 2345 niae
367 2304 588 2355 ciuitates‚
623 2308 798 2359 praeter
829 2305 1137 2359 Argentinam,
1171 2321 1266 2349 sese
1298 2307 1514 2349 voluntati
1547 2306 1715 2348 Cesaris
1745 2320 1823 2360 per
1855 2306 1997 2348 omnia

238 2369 492 2410 dediderunt
532 2369 595 2411 ita
635 2370 805 2412 demum
839 2371 1075 2425 Religionis
1116 2375 1293 2414 nostrae
1334 2371 1590 2426 primoribus
1629 2370 1853 2425 Episcopis
1894 2371 1997 2414 dent

238 2448 389 2475 manus
421 2448 569 2475 omnes
595 2435 815 2477 Ecclesiae
848 2436 995 2478 hostes
1028 2451 1078 2478 ac
1110 2437 1279 2478 aemuli.
1315 2436 1503 2478 Primum
1537 2435 1662 2487 (.Deo
1695 2436 1755 2477 sic
1789 2436 1996 2489 volente.)

238 2499 380 2541 effecit
419 2498 643 2541 incruenta
685 2514 767 2541 non
802 2500 940 2542 minus
983 2515 1032 2543 ac
1072 2501 1294 2555 insperata
1327 2501 1524 2543 Caesaris
1565 2501 1768 2543 victoria:
1812 2501 1996 2543 alterum

238 2566 368 2616 atque
408 2563 449 2604 id
491 2564 618 2616 longe
655 2565 921 2618 prestantius
955 2566 1114 2608 efficiet
1147 2580 1272 2620 spero
1306 2565 1432 2617 (duce
1464 2565 1666 2619 Christo.)
1708 2566 1997 2620 praedicanda

240 2628 293 2670 fi.
340 2628 516 2670 Patrum
562 2630 673 2682 apud
719 2630 972 2672 Tridentum
1017 2631 1238 2684 Synodus,
1289 2645 1398 2683 quae
1443 2631 1612 2684 quidem
1656 2631 1699 2672 in
1744 2631 1997 2673 densissima

239 2707 431 2733 errorum
472 2693 551 2734 hac
585 2694 768 2747 caligine
803 2695 1049 2745 Germanis,
1092 2696 1154 2738 vti
1188 2695 1474 2737 certissimum
1507 2695 1760 2750 presidium,
1802 2695 1994 2748 affulget.

241 2757 363 2798 Nunc
405 2758 439 2798 si
482 2772 623 2799 rerum
665 2762 911 2801 nostrarum
952 2763 1115 2802 statum
1156 2760 1529 2814 percunctaberis,
1573 2760 1754 2814 primum
1793 2760 1854 2802 sic
1886 2760 1995 2801 habe

242 2822 570 2874 prudentissime
602 2823 688 2864 vir:
724 2825 946 2877 expectari
979 2825 1045 2866 hic
1079 2826 1206 2867 anxie
1228 2828 1473 2867 vestrorum
1496 2825 1771 2867 Comitiorum
1804 2825 1995 2877 qualem-

241 2900 405 2937 cunque
437 2901 734 2940 pmgressmn,
774 2889 832 2931 ita
867 2892 915 2931 vt
948 2889 1026 2931 nisi
1061 2890 1191 2932 Cesar
1223 2890 1322 2943 quid
1354 2890 1452 2932 istic
1484 2893 1627 2932 actum
1661 2889 1738 2938 sit,
1772 2889 1907 2937 norit,
1941 2890 1995 2930 ad

244 2950 659 2993 lleucrcndissimum
706 2953 1085 3008 Archiepiscopnm
1139 2955 1426 3009 rescripturus
1479 2968 1573 2996 esse
1624 2968 1708 2995 non
1756 2953 1953 2995 videatur
1966 2955 1994 2996 ⁴.

364 3071 372 3090 ¹
400 3070 443 3103 Is.
472 3071 527 3106 2⁸.
557 3073 608 3105 19.
755 3074 768 3092 ‘²
795 3075 847 3107 Os.
875 3076 1026 3107 Janssen
1055 3074 1077 3108 l.
1105 3086 1134 3108 c.
1163 3075 1222 3115 Ill,
1251 3074 1329 3108 572.
1476 3074 1489 3094 ⁸
1514 3073 1602 3118 Eph.
1630 3073 1661 3114 2,
1691 3073 1743 3107 14.

361 3123 371 3141 ⁴
404 3122 546 3162 ,Status
573 3124 795 3158 saeculare&
828 3126 1045 3160 electoratus
1071 3126 1284 3160 coloniensis
1312 3126 1367 3160 31.
1387 3125 1541 3159 Ianuarii
1563 3125 1650 3159 1547
1678 3125 1824 3170 imperio
1842 3127 1994 3172 Adolphi

242 3174 284 3207 de
310 3173 557 3218 Schaumburg
592 3188 630 3209 se.
665 3177 905 3212 subiecerunt.
958 3178 1142 3223 Adolphus
1168 3179 1223 3212 24.
1252 3178 1405 3212 Ianuarii
1441 3190 1461 3211 a
1496 3177 1651 3222 capitulo
1688 3179 1757 3212 ritu
1792 3179 1924 3214 usitato
1951 3181 1995 3214 ad
