2113 3430
253 174 306 216 78
601 170 633 203 5.
670 168 836 203 Canisius
862 168 987 203 Franc.
1016 168 1177 203 Sti-adae.
1216 169 1340 203 Mense
1366 168 1461 203 Maio
1487 167 1534 213 [2³]
1565 168 1665 203 1543.

370 286 551 320 Canisium
586 285 651 320 has
686 285 828 320 litteras
863 285 906 319 ad
944 285 1097 319 amicum
1132 284 1210 319 sive
1248 284 1462 318 familiarem
1494 284 1634 319 dedisse
1670 284 1792 319 Keller
1827 286 1862 318 et
1897 283 2016 318 Rader

249 342 439 375 testantur.
491 337 558 380 Qui
585 338 751 373 Coloniae
778 338 920 382 degisse
946 337 1089 372 videtur
1115 340 1150 371 et
1177 338 1332 372 fortasse
1357 337 1427 371 fuit
1453 338 1668 372 Laurentius
1694 336 1819 372 Surius
1857 336 1917 371 vel
1947 336 2014 371 Ge-

250 393 376 428 rardus
394 392 676 434 Kalckbrenner,
703 391 799 436 prior
818 390 1050 431 Carthusiae;
1076 390 1134 425 hio
1153 393 1249 425 certe
1269 390 1402 425 Canisii
1425 391 1503 425 sive
1528 390 1660 425 litteris
1686 391 1764 426 sive
1790 390 2014 425 sermonibus

251 446 397 481 edoctus
425 446 478 480 31.
505 445 591 480 Maii
621 445 710 479 1543
739 444 884 479 Colonia
911 444 954 478 ad
982 444 1134 489 priorem
1153 443 1367 478 Carthusiae
1392 443 1613 479 treverensis
1638 444 1731 478 inter
1756 444 1826 479 alia
1852 444 1940 478 haec
1971 443 2014 478 de

250 499 364 534 Fabro
391 499 554 544 scripsit:
595 499 725 544 „Spero
752 498 845 543 quod
871 496 1046 531 Dominus
1072 497 1173 532 dabit
1197 497 1285 532 mihi
1310 497 1432 531 videre
1466 496 1645 531 hominem
1671 497 1756 539 Dei,
1794 497 2014 541 singularem

250 552 404 587 amicum
429 563 553 593 suum,
586 554 779 596 antequam
805 550 956 592 moriar,
992 553 1032 585 ut
1057 551 1101 585 ab
1128 562 1168 585 eo
1195 551 1330 594 dirigar
1356 550 1401 585 ad
1426 550 1632 585 interiorem
1656 551 1809 585 hominis
1844 550 2013 585 reforma-

249 605 392 647 tionem,
420 608 456 640 et
481 605 647 639 unionem
675 616 755 639 cum
782 604 887 639 Deo.“
910 605 919 625 ¹

367 659 407 692 In
426 658 643 704 apographis
661 658 767 692 huius
786 657 961 702 epistulae
979 659 1133 702 tempus,
1160 668 1228 701 quo
1247 657 1331 691 data
1349 657 1407 698 sit,
1434 657 1645 692 adnotatum
1661 669 1731 691 non
1749 659 1814 692 est.
1848 656 2013 692 Vidimus

250 714 370 746 autem
397 711 579 746 Canisium
606 711 638 746 8.
665 711 751 745 Maii
780 711 870 746 1543
896 711 1105 755 Moguntiae
1131 709 1206 744 Deo
1232 710 1327 744 votis
1352 722 1391 745 se
1425 710 1672 745 obstrinxisse.
1724 709 1870 745 Certum
1905 710 2013 745 etiam

250 767 305 800 est
331 767 416 800 vota
441 765 503 799 illa
529 777 574 799 ex
601 765 784 799 exercitiis
809 764 1058 809 spiritualibus
1084 764 1188 808 quasi
1213 765 1298 798 nata
1325 775 1423 805 esse,
1459 763 1588 808 quibus
1615 763 1780 798 Canisius
1805 763 2013 807 Moguntiae

249 829 392 863 operam
419 818 536 860 dedit,
574 818 724 862 ideoque
751 820 813 852 aut
839 818 931 852 inter
956 818 1034 863 ipsa
1061 818 1233 852 exercitia
1269 820 1331 852 aut
1356 818 1391 851 in
1418 829 1539 852 eorum
1564 817 1634 851 fine
1659 817 1757 851 facta
1783 828 1872 851 esse.
1924 816 2013 851 Cum

249 873 369 906 autem
388 871 422 906 S.
441 872 604 916 ignatius
631 872 666 906 in
685 871 819 906 Libello
847 871 1099 905 exercitiorum
1125 871 1260 914 (adnot.
1279 871 1339 914 20)
1368 882 1583 916 magnopere
1609 871 1769 911 suadeat,
1795 872 1835 904 ut
1860 881 1901 904 eo
1925 872 2012 904 tem-

249 936 334 970 pore
360 937 380 959 a
406 925 482 960 suis
509 926 661 969 quisque
687 924 811 959 amicis
837 924 1004 969 notisque
1030 935 1137 968 quam
1174 924 1330 958 maxime
1365 935 1404 958 se
1439 926 1627 968 segreget,
1665 923 1728 958 vix
1764 923 1859 958 credi
1894 924 2013 968 potest

249 977 432 1013 Canisium
459 978 551 1012 hanc
578 978 769 1024 epistulam
796 980 878 1013 ante
905 979 937 1013 8.
964 978 1051 1012 Maii
1079 978 1169 1012 1543
1195 977 1397 1023 scripsisse.

368 1031 523 1066 Pulchra
550 1034 647 1066 certe
673 1031 761 1066 haec
788 1031 942 1077 epistula
969 1032 1042 1072 est,
1080 1031 1159 1066 sive
1185 1042 1242 1066 res
1268 1033 1479 1076 spectantur
1503 1031 1582 1065 sive
1607 1031 1736 1071 verba;
1775 1041 1866 1075 quae
1892 1032 2013 1064 tamen

249 1084 359 1119 verba
386 1085 520 1128 aliquid
546 1085 746 1119 ornamenti
773 1085 928 1119 fortasse
954 1096 974 1119 a
1000 1084 1144 1119 Kellero
1170 1086 1399 1130 acceperunt.

366 1138 407 1172 In
432 1139 638 1172 memoriam
665 1138 764 1172 Petri
790 1138 896 1173 Fabri
923 1140 959 1172 et
984 1137 1082 1172 Petri
1111 1137 1255 1178 Canisfi,
1282 1138 1342 1182 qui
1366 1137 1536 1172 Societati
1554 1137 1635 1172 Iesu
1661 1138 1783 1182 portas
1804 1136 2013 1180 Moguntiae

250 1191 352 1235 quasi
377 1194 604 1237 aperuerant,
630 1194 755 1236 postea
782 1191 911 1226 ibidem
938 1192 974 1225 in
999 1191 1180 1226 vestibulo
1205 1191 1374 1225 interiore
1393 1191 1518 1226 domus
1536 1190 1757 1236 probationis
1776 1189 1810 1224 S.
1829 1190 1862 1225 J.
1881 1200 2013 1224 saxeae

248 1256 369 1278 eorum
395 1247 538 1279 statuae
564 1245 701 1290 positae
727 1247 831 1286 sunt,
863 1245 1019 1289 „quasi“,
1046 1244 1163 1289 inquit
1190 1244 1421 1288 moguntinus
1448 1244 1592 1289 quidam
1618 1243 1789 1289 scriptor,
1830 1255 1868 1286 „e
1894 1242 2012 1288 lapide

249 1299 452 1344 exprimant
478 1299 565 1334 illud
591 1299 672 1334 Isai.
699 1299 730 1334 6.
768 1298 953 1333 Attendite
980 1298 1024 1332 ad
1051 1297 1209 1340 Petram,
1235 1297 1328 1332 unde
1355 1297 1468 1332 excisi
1494 1297 1601 1332 estis“
1621 1297 1643 1331 ².

1105 1423 1134 1434 v

1101 1436 1154 1464 ε).

983 1522 1279 1570 CANISIUS

557 1623 668 1665 FR.
700 1621 1109 1665 FRANCISOO
1144 1620 1489 1664 STRADAE
1524 1620 1578 1663 S.
1612 1620 1701 1663 J.3

829 1730 975 1767 Colonia
1002 1740 1122 1766 mense
1148 1729 1238 1766 Maio
1266 1729 1310 1776 [2³]
1337 1729 1431 1765 1543.

366 1819 422 1854 Ex
449 1821 635 1864 Saccleino,
662 1819 714 1854 De
740 1820 817 1854 vita
844 1819 979 1854 Canisii
1005 1831 1037 1865 p.
1065 1819 1216 1854 26—27.

367 1874 463 1908 Idem
489 1873 596 1919 paulo
623 1873 767 1908 brevius
793 1873 940 1919 exponit
970 1875 1212 1918 Orlande‘nus,
1247 1872 1428 1907 Historiae
1454 1870 1644 1906 Societatis
1670 1871 1751 1905 Iesu
1785 1869 1899 1915 prima
1926 1880 2010 1915 pars

247 1927 269 1961 l.
296 1928 328 1969 4,
354 1939 387 1962 n.
416 1927 470 1961 34.

365 2016 594 2054 Sacehimzs:
633 2016 961 2066 „Commzmieam't
990 2021 1022 2053 et
1050 2028 1162 2053 secum
1192 2016 1375 2065 §audium
1414 2016 1459 2052 cle
1496 2016 1593 2052 inita
1623 2014 1801 2051 Societate
1830 2013 2010 2051 Canisz‘us

247 2088 329 2112 cum
367 2077 500 2125 sociis,
539 2077 605 2125 qui
640 2075 805 2124 Loramjj
842 2076 1105 2125 versabantur,
1142 2088 1186 2113 ae
1222 2076 1445 2112 nominatim
1486 2086 1571 2111 cnm
1609 2073 1816 2112 Frcmeisco
1853 2073 2008 2110 Stracla.

249 2165 255 2172 .
279 2166 285 2172 .
308 2165 315 2172 .
338 2135 411 2181 Qui
439 2139 627 2184 acceptam
656 2148 678 2171 α
700 2135 812 2172 Petro
841 2135 1035 2184 epistolam
1064 2135 1116 2172 ad
1134 2135 1325 2171 Romanos
1344 2133 1469 2171 Socios
1498 2133 1721 2170 mittendam
1740 2133 1896 2180 censuit,
1924 2144 2005 2169 cum

247 2195 312 2231 hoc
340 2206 415 2231 non
443 2195 556 2243 eloffl'o
584 2195 720 2243 massis,
749 2206 863 2243 qnam
893 2194 1055 2232 oraculo.
1111 2190 1331 2242 ,Canz‘sius‘,
1370 2194 1519 2242 inquit,
1560 2192 1900 2241 ,benedietissima³
1928 2190 2008 2239 illa,

365 2338 379 2352 ²³
401 2333 643 2369 eruditissima
673 2335 746 2368 Orl.

369 2468 378 2487 ²
405 2466 562 2510 Egregia
596 2466 685 2501 haec
719 2466 873 2511 epistula
906 2468 961 2501 est
992 2466 1028 2500 in
1055 2466 1153 2500 Actis
1179 2466 1390 2499 Sanctorum
1418 2464 1497 2498 Iulii
1524 2464 1591 2498 VH
1620 2463 1786 2508 (Parisiis
1813 2465 1848 2498 et
1874 2463 2007 2498 Romae

250 2519 376 2563 1868),
411 2520 481 2554 493
516 2522 552 2554 et
589 2520 685 2563 (cum
719 2519 932 2555 lectionibus
968 2519 1104 2563 aliquot
1137 2517 1377 2561 variantibus)
1415 2517 1450 2551 in
1490 2518 1638 2560 „Cartas
1676 2517 1733 2551 del
1759 2519 1800 2551 B.
1827 2518 1866 2551 P.
1893 2518 2007 2551 Pedro

247 2572 390 2607 I³ab1·o“
417 2574 443 2613 I,
468 2573 667 2608 421-422.

366 2626 379 2646 ²
404 2626 495 2660 Vide
510 2628 560 2661 [υ.
577 2628 651 2661 Seb.
668 2628 843 2670 Severum,
862 2625 1050 2670 Mogunt-ia
1064 2624 1321 2659 Ecclesiastica
1339 2623 1509 2658 hodierna
1527 2623 1757 2667 (XVerthemii
1774 2623 1879 2666 1763)
1900 2635 1934 2667 p.
1950 2622 2004 2657 78.

366 2680 378 2699 ⁸
404 2679 617 2714 Franciscus
636 2679 765 2714 Strada
790 2677 1010 2723 (d’Estrada)
1039 2678 1212 2723 hispanus
1239 2689 1259 2712 a
1277 2677 1310 2711 S.
1330 2677 1470 2721 Ignatio
1495 2676 1531 2710 in
1550 2676 1654 2711 ltalia
1672 2676 1841 2711 Societati
1865 2675 2006 2709 additus

248 2734 283 2765 et
309 2732 352 2765 ab
380 2733 502 2766 eodem
528 2744 619 2767 anno
641 2734 729 2767 1554
755 2732 961 2777 provinciae
980 2731 1014 2766 S.
1033 2732 1065 2766 J.
1085 2731 1298 2774 aragonicae
1316 2731 1520 2775 praefectus
1539 2732 1612 2771 est,
1638 2741 1730 2764 anno
1751 2729 1839 2764 1543
1858 2729 2005 2763 Lovanii

247 2785 445 2819 studiorum
473 2798 581 2820 causa
606 2786 829 2826 morabatur3
866 2785 953 2820 obiit
978 2784 1093 2819 Toleti
1119 2796 1210 2819 anno
1240 2784 1341 2818 1584.
1392 2784 1502 2825 Quem
1531 2784 1725 2818 Saccln‘mcs
1755 2782 1866 2824 „inter
1891 2781 2003 2826 prima

249 2838 438 2872 Societatis
465 2839 649 2873 Columina
676 2839 801 2873 merito
828 2838 1106 2873 nurneran‹luni“
1149 2837 1235 2871 dicit
1269 2834 1697 2881 additque:'„Excelluit
1730 2835 1765 2869 in
1798 2847 1837 2869 eo
1875 2835 2005 2868 donum

248 2890 376 2924 Sacrae
404 2892 690 2935 praedicationis.
741 2892 962 2926 Adolescens
988 2903 1051 2936 per
1077 2890 1238 2932 Italiam,
1264 2890 1404 2924 iuuenis
1430 2890 1465 2923 in
1492 2889 1635 2933 Belgio,
1671 2888 1751 2922 dein
1777 2899 1840 2932 per
1865 2899 2003 2921 omnem

251 2943 458 2988 Hispaniam
484 2947 625 2979 matura
652 2947 788 2986 aetate,
825 2947 861 2979 et
887 2945 1079 2985 facultate,
1114 2955 1195 2978 cum
1221 2943 1395 2986 singulari
1421 2943 1620 2986 grauitate,
1656 2941 1692 2975 vi
1721 2943 1888 2984 motuque
1924 2952 2003 2974 con-

248 2996 358 3030 cionis
397 2997 527 3041 vbique
565 2999 877 3042 frequentissimae
903 2998 1046 3032 auditus
1073 2998 1147 3031 cst“
1180 2996 1376 3039 (Historiae
1403 2995 1592 3031 Societatis
1618 2995 1698 3029 Iesu
1728 3005 1811 3038 pars
1837 2994 1961 3037 quinta
1989 2994 2001 3027 I

248 3049 395 3091 {Romae
424 3051 537 3094 lsssslj,
564 3051 585 3084 l.
612 3053 644 3092 4,
671 3063 704 3085 u.
735 3052 812 3091 124,
838 3063 870 3095 p.
901 3051 996 3094 197).
1032 3050 1084 3085 Cf.
1113 3050 1221 3084 etiam
1247 3051 1396 3083 Polancf
1422 3048 1620 3083 Chronicon
1646 3047 1671 3089 I,
1701 3047 1894 3081 192-197.
1922 3046 2001 3080 257.

248 3102 434 3136 303—304
461 3106 528 3137 etc.
578 3103 727 3137 Strudae
763 3105 874 3138 vitam
910 3103 1087 3148 copiosius
1123 3102 1305 3136 enarravit
1336 3103 1494 3136 sslathias
1524 3101 1667 3134 Tamne)-
1693 3098 1728 3134 S.
1756 3099 1808 3140 J.,
1844 3098 2003 3133 Societas

248 3156 334 3189 Jesu
361 3155 611 3200 Apostolorum
641 3157 813 3190 imitatrix
842 3156 998 3200 (Pragae
1028 3155 1132 3199 1694)
1162 3168 1193 3200 p.
1223 3155 1418 3189 184—189.
