2113 3430
790 218 845 253 22.
872 217 1079 253 Decembris
1106 218 1207 252 1545.
1797 219 1817 259 1
1825 219 1878 260 65

120 339 266 381 futuro
298 340 491 380 statuum
523 337 766 378 conventu1
799 335 1027 389 quicquam
1059 335 1112 377 ab
1135 333 1469 388 Archiepiscopo
1502 335 1783 384 statueretur,
1816 332 1881 374 in-

121 405 356 445 novaretur
388 405 431 444 et
464 403 765 455 acceptaretur
797 404 899 444 ante
931 401 1077 443 futura
1110 399 1292 442 Comitia
1323 398 1589 441 Ratisbonae
1602 399 1630 441 2.
1676 397 1881 447 Quamvis

120 468 254 521 igitur
284 465 585 509 brevissimum
625 468 795 520 tempus
828 465 883 507 ad
915 480 1006 507 rem
1038 467 1209 507 tantam
1241 463 1554 517 expediendam
1585 463 1881 517 praeberetur,

122 532 303 574 Domino
335 534 483 574 tamen
514 545 632 572 meos
666 533 845 573 conatus
876 532 1180 584 prosperante,
1215 527 1402 579 confeci,
1444 527 1697 582 impetravi,
1742 527 1883 576 attuli,

121 597 323 651 quicquid
345 597 492 638 Clerus
526 596 799 638 desiderabat
811 596 839 638 3.
884 595 1033 637 Edixit
1066 595 1178 636 enim
1209 594 1453 649 Imperator
1485 596 1533 635 ut
1565 606 1618 634 ne
1652 592 1885 646 quidquam

124 662 485 716 Archiepiscopus
508 661 579 703 vel
602 660 785 703 Ordines
807 660 850 702 in
874 674 923 702 eo
947 660 1171 702 Conventu
1203 657 1481 712 congregrati
1514 658 1741 700 definirent
1773 657 1886 710 quod

123 728 179 770 ad
211 741 386 769 causam
417 726 654 779 Religionis
687 740 736 768 ac
768 724 947 780 proinde
979 723 1092 766 Cleri
1124 723 1415 766 enervandam
1448 725 1667 777 spectaret
1683 723 1711 764 4.
1776 722 1885 763 Tum

124 793 316 845 Legatus
337 791 617 833 vehementer
649 789 912 832 confortavit
947 789 1239 843 optimamque
1271 802 1391 842 spem
1423 787 1526 830 fecit
1558 786 1723 829 foelicis
1757 800 1887 828 even-

122 861 208 900 tus.
262 857 383 907 Quod
414 858 560 898 autem
583 856 741 898 Caesar
771 854 815 896 in
848 868 978 896 causa
1011 854 1220 896 adversus
1247 852 1632 907 Archiepiscopum
1663 866 1740 906 pro
1765 851 1887 893 Clero

124 922 271 965 tardet
310 921 612 976 pronuntiare,
659 934 789 974 supra
833 919 1006 961 modum
1051 918 1173 971 angit
1218 918 1466 971 cruciatque
1511 917 1718 972 plurimos
1761 919 1805 959 et
1845 915 1889 957 in

125 987 472 1042 desperationem
503 985 596 1028 fere
629 984 815 1035 adducit,
851 983 972 1037 quasi
1004 997 1089 1025 non
1123 983 1239 1025 cordi
1277 983 1333 1026 sit
1365 982 1537 1025 Caesari
1569 985 1740 1024 tantum
1782 995 1889 1034 neg-

125 1052 261 1095 otium
294 1066 376 1105 quo
409 1051 572 1093 nullum
603 1050 781 1103 gravius
813 1063 863 1091 ac
894 1048 1136 1090 infaelicius
1169 1048 1301 1090 etiam
1332 1048 1415 1090 toti
1448 1047 1704 1089 Germaniae
1737 1046 1771 1088 si
1803 1060 1889 1087 non

126 1116 324 1172 pessimis
354 1115 673 1170 Archiepiscopi
708 1114 933 1156 conatibus
966 1113 1280 1167 quamprimum
1316 1113 1475 1154 Caesar
1507 1114 1718 1154 occurrat.
1773 1111 1889 1153 Hac-

126 1187 267 1233 tenus,
302 1196 431 1235 quum
452 1179 688 1223 Lutherani
711 1179 1000 1232 conscriptum
1031 1179 1242 1220 haberent
1274 1177 1455 1220 militem
1479 1178 1530 1219 ob
1555 1177 1705 1219 ducem
1726 1177 1890 1218 Bruns-

128 1247 396 1297 vicensem5,
437 1245 587 1288 habuit
628 1244 741 1286 forte
774 1244 934 1286 Caesar
971 1243 1084 1296 quod
1120 1243 1238 1297 juste
1272 1245 1538 1285 causaretur.
1602 1242 1728 1283 Nunc
1761 1255 1888 1295 quum

127 1313 321 1354 infirmus
343 1311 457 1365 apud
478 1308 786 1352 Buscumducis
816 1309 1008 1358 haereat,
1043 1322 1191 1349 rursus
1225 1307 1306 1350 erit
1339 1306 1597 1350 extrahendi
1630 1305 1891 1348 sententiam

128 1376 310 1419 occasio.
374 1375 523 1429 Pergit
568 1374 766 1424 interim,
814 1373 957 1428 pergit
1004 1372 1365 1427 Archiepiscopus
1413 1372 1526 1425 quod
1574 1372 1686 1413 male
1734 1370 1890 1425 coepit,

131 1443 252 1496 pejus
283 1454 547 1496 propagare,
580 1439 643 1482 ita
674 1442 745 1489 ut,
780 1439 989 1480 subversa
1021 1437 1191 1480 Diocesi
1222 1440 1339 1488 tota,
1373 1451 1485 1479 nunc
1516 1450 1646 1478 unam
1675 1435 1892 1477 Coloniam

129 1506 464 1561 oppugnandam
497 1504 860 1557 evertendamque
892 1503 973 1545 sibi
1004 1502 1289 1557 proposuerit.
1353 1502 1411 1545 Et
1451 1502 1562 1544 hanc
1603 1502 1723 1543 velut
1767 1500 1891 1542 undi-

130 1586 214 1626 que
237 1585 486 1613 succensam
520 1573 563 1612 et
589 1570 641 1611 ab
664 1569 845 1611 inimicis
871 1568 1242 1610 circumvallatam
1276 1567 1370 1621 quis
1402 1567 1514 1610 tueri
1548 1569 1709 1620 queat?
1761 1566 1894 1607 Prae-

131 1636 282 1679 sertim
321 1635 364 1677 in
396 1635 519 1677 Clero
561 1637 605 1676 et
646 1633 943 1676 Universitate
985 1633 1232 1686 Senatuque
1272 1632 1420 1675 multis
1460 1631 1528 1674 hic
1560 1630 1894 1685 Archiepiscopo

130 1700 381 1743 faventibus
414 1702 458 1741 et
490 1698 868 1741 consentientibus
923 1697 1106 1740 Unicum
1139 1700 1337 1751 superest
1369 1712 1395 1739 a
1427 1698 1518 1738 Deo
1543 1697 1641 1750 Opt.
1666 1697 1782 1737 Max.
1818 1709 1895 1737 ex-

131 1765 417 1821 spectandum
457 1763 718 1819 praesidium
760 1763 873 1816 quod
914 1763 1074 1805 certius
1112 1763 1243 1805 etiam
1275 1762 1535 1817 promittunt
1566 1764 1633 1804 tot
1667 1759 1895 1803 Sanctissi-

134 1845 298 1873 morum
323 1830 566 1883 Martyrum
590 1828 902 1881 Virginumque
928 1842 1108 1882 corpora
1139 1826 1335 1869 foelicem
1358 1827 1577 1869 Coloniam
1608 1825 1894 1873 illustrantia;

134 1897 211 1938 sed
251 1909 337 1937 non
377 1895 504 1949 paulo
543 1894 640 1948 plus
671 1894 752 1935 hac
784 1893 827 1934 in
859 1907 906 1934 re
938 1892 1186 1947 profutura,
1231 1892 1267 1934 si
1298 1893 1531 1934 multorum
1564 1891 1790 1933 accederet
1823 1890 1896 1932 de-

135 1960 278 2011 votio,
321 1958 356 2001 si
397 1972 547 2012 preces
588 1958 755 2012 piorum
791 1958 1079 2011 jungerentur
1120 1960 1165 2000 et
1207 1957 1407 1999 certatim
1449 1956 1529 1998 Dei
1570 1956 1678 1998 iram
1719 1955 1897 2009 quisque

259 2119 267 2137 ¹
294 2116 479 2151 XVedanus
504 2128 597 2150 nova
615 2116 757 2150 comitia
777 2116 807 2149 9.
827 2115 1035 2150 Decembris
1056 2115 1145 2149 1545
1165 2115 1309 2148 Bonnae
1327 2114 1525 2149 inchoanda
1544 2114 1707 2148 edixerat
1727 2114 1896 2157 (Παννονι-

134 2177 243 2215 tram)
268 2170 290 2204 l.
319 2182 348 2204 0.
375 2181 408 2215 p.
435 2170 532 2212 261).

256 2229 269 2249 ²
295 2228 443 2264 Carolus
469 2228 512 2263 V.
547 2229 579 2262 4.
619 2228 771 2271 Augusti
805 2228 894 2262 1545
930 2227 965 2261 in
1006 2228 1186 2270 ,.recessu“
1227 2227 1451 2261 comitiorum
1486 2226 1781 2260 vormatiensium
1819 2236 1898 2259 con·

133 2283 323 2323 stituerat,
367 2284 407 2316 ut
450 2282 481 2316 6.
518 2281 673 2315 Ianuarii
713 2281 801 2314 1546
838 2281 1053 2315 Ratisbonae
1092 2292 1185 2314 nova
1221 2280 1359 2325 imperii
1398 2279 1542 2314 comitia
1578 2280 1819 2324 inciperentur
1854 2278 1898 2311 ad

134 2347 282 2371 causam
308 2335 492 2379 religionis
516 2334 797 2377 transigendam.
852 2335 998 2368 Gotlzez'n
1028 2333 1121 2368 falso
1148 2333 1292 2374 asserit,
1320 2332 1501 2367 Canisium
1528 2332 1669 2366 illarum
1696 2332 1898 2365 litterarum

137 2388 440 2434 impetranti-arum
467 2388 584 2431 gratia
610 2387 654 2421 ad
681 2387 824 2421 comitia
850 2387 989 2432 imperii
1016 2386 1271 2421 vormatiensia
1297 2386 1407 2420 missa
1434 2397 1512 2420 esse
1542 2385 1720 2429 (ignatius
1740 2397 1772 2429 p.
1792 2384 1898 2427 677);

138 2443 227 2476 haec
253 2442 346 2476 enim
372 2441 442 2475 iam
469 2441 601 2475 dudum
628 2440 792 2474 absoluta
819 2443 930 2474 erant.

257 2502 270 2521 3
296 2500 444 2534 Carolus
478 2499 521 2534 V.
560 2500 612 2534 18.
648 2499 861 2533 Novembris
887 2509 932 2522 —‘-
961 2499 991 2533 1.
1018 2498 1224 2533 Decembris
1258 2498 1480 2542 Antverpiae
1518 2499 1676 2531 moratus
1712 2498 1776 2529 est.
1830 2495 1898 2528 Ka-

138 2553 253 2588 lendis
278 2553 533 2587 Decembribus
558 2552 726 2586 Verallus
762 2551 959 2597 Antverpia
994 2551 1125 2596 legatis
1161 2551 1300 2585 concilii
1336 2550 1519 2585 tridentini
1555 2549 1717 2594 scripsit:
1762 2547 1898 2591 „Hoggi

138 2607 172 2641 S.
209 2607 256 2639 M.
296 2607 396 2650 parte
434 2617 497 2650 per
533 2605 568 2639 la
605 2605 704 2639 volta
739 2605 773 2638 di
810 2605 991 2639 [11100111.δι
1046 2605 1099 2638 Αο
1134 2605 1273 2638 4.-27,
1309 2603 1516 2638 Decembris
1555 2614 1678 2636 caesar
1706 2600 1900 2635 Boscoduci

139 2660 186 2704 ('s
205 2657 515 2701 Hertogenbosch)
544 2658 613 2691 fuit
633 2659 767 2699 (Secum
786 2658 808 2692 1.
828 2670 857 2692 0.
893 2659 1046 2701 Drnffel,
1074 2657 1202 2691 Kaiser
1227 2657 1315 2691 Karl
1332 2657 1375 2690 V.
1402 2656 1473 2689 und
1500 2655 1554 2689 die
1581 2654 1757 2689 romische
1783 2653 1899 2689 Curie.

140 2714 171 2747 3.
199 2712 307 2746 Abth.
348 2710 540 2754 [Munchen
569 2710 672 2754 1883]
708 2723 741 2755 p.
781 2711 876 2754 109).
928 2711 1094 2745 Canisius
1129 2711 1239 2753 igitur
1266 2710 1485 2754 Antverpiae
1520 2708 1613 2753 apud
1650 2719 1830 2742 caesarem
1866 2710 1901 2741 et

139 2766 302 2799 nuntium
328 2764 440 2798 fuisse
467 2764 626 2804 videtur,
654 2766 750 2797 certe
776 2776 845 2797 11011
871 2763 956 2797 licet
982 2763 1098 2797 dicere
1125 2775 1204 2797 011111
1231 2764 1375 2796 Hansw(
1408 2762 1444 2805 (1.
1473 2774 1502 2795 c.
1529 2773 1562 2806 p.
1592 2760 1687 2803 199),
1719 2759 1901 2795 Canisiuin

138 2831 262 2853 mense
288 2817 475 2852 Decembri
502 2817 584 2850 anni
614 2817 702 2850 1545
730 2817 772 2850 ad
800 2828 981 2850 caesarem
1008 2817 1156 2850 missum
1184 2827 1262 2850 esse
1289 2815 1522 2849 Vormatiam.

260 2879 272 2897 ⁴
300 2876 435 2910 Horum
462 2875 658 2909 edictorum
686 2874 899 2908 mentionem
918 2875 1055 2908 faciunt
1074 2874 1182 2908 etiam
1201 2876 1449 2917 Varretther
1467 2873 1489 2906 l.
1510 2885 1538 2907 c.
1558 2885 1590 2917 p.
1611 2872 1689 2914 263,
1717 2874 1751 2906 et
1776 2873 1900 2905 Thvod.

140 2932 208 2964 Ios.
238 2930 455 2971 Laeomblet,
492 2927 782 2961 Urkundenbuch
810 2928 867 2961 fur
893 2927 948 2961 die
976 2926 1191 2961 Gcschichte
1227 2927 1290 2960 des
1316 2926 1570 2960 Niederrheins
1596 2925 1645 2959 IV
1676 2924 1906 2969 (Diisseldorf

144 2983 262 3026 1858),
290 2983 368 3016 690.

262 3042 274 3061 ὖ
300 3040 477 3074 Henricus
504 3040 562 3073 ille
589 3040 661 3073 dux
688 3050 778 3073 anno
808 3038 897 3072 1542
932 3040 1055 3072 contra
1090 3039 1145 3072 ius
1171 3040 1207 3071 et
1233 3038 1288 3072 fas
1315 3049 1335 3071 a
1367 3037 1627 3072 confoederatis
1663 3036 1903 3071 smalcaldicis

141 3094 279 3128 dicione
314 3105 379 3127 31111
414 3093 606 3138 spoliatus,
643 3103 763 3126 mense
799 3091 998 3136 Septembri
1034 3090 1116 3124 anni
1145 3091 1234 3124 1545
1269 3090 1409 3134 proprio
1446 3091 1558 3123 marte
1589 3101 1666 3123 011111
1693 3100 1903 3133 recuperare

142 3149 292 3181 conatus
320 3149 384 3180 est.
436 3146 552 3188 Quare
578 3145 630 3179 illi
657 3156 795 3179 summa
830 3145 864 3178 vi
902 3155 981 3177 eum
1018 3143 1130 3177 11011110
1166 3143 1330 3186 aggressi
1365 3145 1448 3177 sunt
1483 3144 1518 3176 et
1556 3142 1655 3176 brevi
1695 3141 1903 3176 devicerunt

143 3201 386 3244 ceperuntque
415 3199 582 3243 (Janssen
611 3198 632 3232 1.
661 3210 689 3232 c.
718 3198 779 3238 111,
807 3197 1003 3231 516—532.
1032 3196 1245 3239 583—584).
