2113 3430
225 179 310 219 656
537 175 694 210 Monum.
747 175 778 209 3.
808 175 1016 221 (Appendix
1040 187 1197 211 monum.
1222 180 1382 221 mogunt.
1412 178 1672 224 1540—1555.)

339 290 463 333 Neque
490 292 610 324 tamen
637 301 683 324 ex
709 290 826 335 priore
852 290 932 331 illo,
968 291 1061 334 quod
1088 290 1173 333 dixi,
1201 291 1335 326 Canisii
1365 293 1588 339 autographo
1623 294 1905 329 concludendum
1931 297 1990 330 est

221 343 354 378 Canisii
380 343 532 388 primam
559 343 667 377 etiam
694 343 953 388 professionem
980 343 1107 378 iisdem
1125 344 1247 379 verbis
1273 348 1482 391 conceptam
1499 347 1623 389 fuisse,
1650 358 1742 392 quae
1767 359 1862 382 nunc
1887 360 1989 383 usur-

220 399 360 441 pantur.
395 395 487 430 Nam
513 407 629 430 annus
651 397 740 431 1549
767 397 802 431 in
828 397 963 442 scripto
981 397 1042 431 illo
1063 398 1107 431 ad
1125 397 1241 443 ipsam
1267 398 1409 442 quidem
1428 399 1527 434 illam
1552 401 1808 445 professionem
1835 403 1989 446 spectat,

220 462 288 483 uon
314 461 400 483 vero
426 454 569 495 tempus
596 449 788 493 significat,
816 462 886 495 quo
908 449 1073 485 Canisius
1099 450 1273 496 scriptum
1299 463 1362 486 seu
1388 453 1631 488 testimonium
1657 453 1745 488 illud
1771 455 1814 488 de
1840 466 1882 489 ea
1907 466 1989 490 con-

219 502 365 543 fecerit;
401 503 495 546 quod
531 503 609 548 ipsa
645 503 804 537 eiusdem
839 503 1019 538 conclusio
1054 504 1281 549 comprobat;
1316 505 1346 539 si
1382 505 1475 539 enim
1501 506 1665 550 Ignatius
1701 507 1737 552 (†
1766 508 1872 551 1556)
1909 510 1985 542 tum

218 558 402 600 superstes
421 555 560 597 fuisset,
588 555 753 591 Canisius
771 568 851 591 eum
869 569 939 591 non
957 557 1178 602 appellasset
1200 557 1397 599 ,beatum“‚
1423 558 1604 594 scribens:
1626 560 1681 602 „in
1703 561 1867 595 manibus
1890 561 1986 596 beati

221 608 338 643 Patris
364 609 548 643 IGNATII
573 609 678 654 primi
704 609 905 655 Praepositi
931 611 1044 645 nostri
1070 611 1283 654 generalis.“
1304 612 1314 632 ¹

337 661 414 703 Qua
441 666 562 696 autem
587 663 726 697 ratione
753 663 920 698 Canisius
945 665 978 698 4.
1006 663 1227 709 Septembris
1256 665 1345 699 1549
1372 665 1506 699 Romae
1536 677 1655 700 coram
1682 666 1716 701 S.
1742 667 1882 711 Ignatio
1907 679 1986 713 pro-

218 715 410 750 fessionem
436 716 582 757 fecerit,
618 716 672 757 id,
706 716 791 761 quia
818 717 968 762 primum
997 717 1084 751 illud
1113 717 1246 752 Canisii
1270 718 1384 764 ipsius
1410 719 1584 764 scriptum
1610 731 1679 754 non
1705 723 1879 766 superest,
1905 733 1986 756 con-

217 769 364 803 iecturis
382 771 520 803 tantum
542 770 686 814 assequi
706 782 907 815 possumus,
934 771 1102 815 antiquas
1125 771 1359 816 professionis
1377 772 1550 807 formulas
1568 772 1728 815 aliorum,
1755 785 1845 818 quae
1863 786 1985 820 super-

217 824 311 864 sunt,
337 822 579 867 inspicienteS.
617 823 777 857 Conferri
796 826 947 869 possunt
964 824 1158 869 imprimis:
1187 825 1217 860 1.
1237 837 1289 867 ea,
1309 837 1378 870 qua
1396 825 1473 870 ipse
1492 825 1526 860 S.
1546 826 1710 870 Ignatius
1728 838 1808 861 cum
1827 827 1984 872 quinque

217 875 329 910 Sociis
364 877 549 921 professus
576 879 631 911 est
657 876 791 911 Romae
826 889 918 912 anno
948 878 1082 919 154123
1117 878 1148 912 2.
1177 890 1237 919 ea,
1269 890 1339 923 qua
1364 879 1404 914 B.
1431 879 1562 914 Petrus
1588 879 1702 914 Faber
1727 881 1758 915 9.
1785 881 1866 915 Iulii
1895 881 1981 916 1541

217 929 435 964 Ratisbonae
453 942 540 964 usus
559 933 614 965 est
629 930 660 970 ³:
687 930 719 965 3.
739 942 791 971 ea,
819 943 909 975 quae
927 931 1021 965 inter
1046 932 1180 976 primas
1207 932 1502 967 constitutionum
1528 933 1817 967 adumbrationes
1842 937 1985 979 reperta

217 985 319 1023 est⁴;
346 984 378 1018 4.
407 995 458 1022 ea,
486 995 576 1027 quae
603 984 723 1018 addita
750 987 805 1019 est
831 984 1018 1029 epistulae,
1045 996 1152 1029 quam
1178 986 1218 1020 P.
1238 985 1416 1020 Polancus
1444 987 1496 1020 17.
1516 986 1730 1021 Novembris
1755 987 1842 1021 1551
1871 987 1984 1022 Roma

222 1037 284 1078 „de
310 1037 498 1071 mandato“
529 1036 563 1071 S.
582 1037 714 1081 Ignatii
741 1037 923 1072 Coloniam
950 1039 995 1072 ad
1021 1038 1059 1073 P.
1080 1038 1301 1073 Leonardum
1320 1039 1449 1074 Kessel
1476 1040 1582 1081 dedit,
1608 1039 1832 1086 praecipiens
1858 1039 1984 1083 eidem,

216 1092 256 1123 ut
282 1089 448 1124 Coloniae
474 1090 732 1135 professionem
759 1091 959 1133 emitteret,
986 1094 1095 1136 atque
1130 1092 1284 1128 addens:
1327 1093 1504 1135 „Mittitur
1529 1093 1680 1128 formula
1708 1093 1912 1135 emittendi,
1939 1094 1984 1128 de

217 1143 506 1178 solemnitatibus
531 1143 581 1177 nil
607 1144 724 1178 scribo
751 1145 835 1189 quia
860 1145 1085 1179 necessariae
1110 1157 1180 1180 non
1206 1148 1300 1190 sunt,
1329 1146 1392 1180 sed
1418 1146 1619 1182 voluntarie
1634 1148 1658 1181 ⁵.
1708 1147 1748 1181 P.
1775 1147 1983 1181 Adrianus⁶

218 1208 360 1230 monere
398 1197 548 1242 poterit,
588 1197 718 1241 quibus
742 1198 820 1243 ipse
853 1198 963 1232 fuerit
997 1200 1115 1233 usus.“
1169 1199 1337 1234 Formula
1374 1199 1479 1242 haec,
1518 1200 1600 1244 quia
1638 1200 1789 1244 vulgata
1825 1200 1982 1234 nondum

218 1251 284 1289 est,
310 1249 368 1284 hic
394 1250 569 1284 subicitur
594 1262 640 1285 ex
666 1251 890 1296 apographo,
918 1252 1010 1296 quod
1036 1251 1076 1286 P.
1104 1254 1252 1287 Iacobus
1278 1254 1471 1287 Kritcradt
1498 1253 1531 1288 S.
1559 1254 1590 1288 J.
1621 1254 1887 1298 (1602-—167-2)
1917 1253 1980 1288 Co—

217 1302 334 1337 loniae
359 1303 447 1337 fecit
462 1304 484 1338 ⁷.

340 1387 521 1437 „F0rma
559 1388 775 1429 seruanda
806 1387 849 1429 in
882 1388 1120 1431 emittenda
1152 1390 1428 1432 professione
1458 1390 1565 1432 haec
1599 1393 1678 1434 est.
1741 1391 1979 1444 Postquam

214 1451 299 1503 ille,
332 1452 375 1493 in
409 1452 529 1494 cuius
561 1453 758 1495 manibus
791 1454 860 1495 vel
893 1455 1142 1508 praesentia
1175 1458 1243 1498 est
1274 1455 1485 1510 professio
1513 1455 1765 1506 emittenda,
1799 1455 1977 1498 Missam

214 1517 472 1567 absoluerit‚
515 1517 559 1560 111
591 1519 684 1560 1000
718 1518 861 1572 aliquo
894 1519 1063 1573 publico
1096 1523 1140 1563 et
1171 1520 1243 1562 ubi
1285 1521 1527 1575 complures
1560 1521 1612 1563 de
1644 1521 1870 1564 Fratribus
1901 1521 1979 1563 ad-

213 1582 321 1633 sint,
355 1586 536 1637 accepta
568 1583 711 1626 hostia
744 1587 998 1627 consecrata
1030 1588 1177 1629 vertet
1208 1600 1255 1627 se
1287 1586 1490 1628 sacerdos
1524 1586 1577 1628 ad
1609 1587 1835 1641 populum,
1874 1588 1979 1628 tunc

214 1647 286 1700 qui
317 1647 630 1702 professionem
663 1649 898 1691 solemnem
932 1650 1167 1693 emissurus
1200 1653 1288 1702 est,
1329 1653 1431 1694 ante
1468 1651 1609 1706 ipsum
1640 1651 1822 1704 genibus
1853 1651 1978 1693 flexis

215 1713 330 1755 dicta
372 1713 641 1756 confessione
682 1714 876 1768 generali
914 1718 958 1758 et
988 1719 1057 1759 ter
1098 1716 1268 1758 domine
1309 1731 1395 1758 non
1435 1731 1531 1758 sum
1572 1716 1727 1770 dignus
1760 1719 1841 1760 010.
1875 1720 1978 1759 31110

215 1778 563 1820 Communionem
597 1780 688 1822 alta
719 1794 827 1822 voce
860 1794 914 1822 ex
946 1781 1107 1835 scripto
1140 1782 1342 1825 recitabit
1374 1781 1621 1835 sequentia:

334 1844 427 1897 Ego
451 1844 701 1886 Leonardus
724 1846 878 1887 Kessel
901 1847 1137 1890 solenniter
1158 1847 1365 1902 promitto
1389 1847 1674 1902 omnipotenti
1695 1847 1801 1898 Deo,
1832 1861 1977 1889 coram

216 1907 307 1950 eius
339 1908 519 1961 Virgine
552 1909 694 1952 Matre
727 1913 771 1953 et
802 1913 898 1953 tota
930 1912 1079 1954 celesti
1114 1912 1252 1964 curia,
1295 1927 1346 1954 30
1377 1912 1420 1954 111
1452 1912 1701 1967 praesentia
1733 1911 1976 1963 Societatis‚

340 2043 346 2061 ¹
375 2041 467 2075 Vota
493 2041 670 2087 simplicia
696 2043 948 2087 professorum,
979 2056 1000 2078 a
1027 2044 1168 2078 Canisio
1194 2045 1228 2078 in
1257 2045 1380 2079 eodem
1406 2044 1490 2079 folio
1516 2048 1597 2090 post.
1622 2044 1808 2079 sollemnia
1833 2045 1978 2090 scripta,

214 2094 265 2127 sic
300 2095 558 2130 terminantur:
598 2097 750 2138 „Actum
776 2096 937 2131 Viennae
963 2098 999 2131 ni
1034 2097 1159 2139 fallar,
1195 2109 1287 2132 anno
1325 2098 1425 2132 1555.
1462 2110 1581 2132 coram
1616 2098 1656 2132 R.
1684 2098 1723 2132 P.
1759 2098 1977 2143 Hieronymo

214 2147 343 2181 Natale
371 2147 653 2183 Conuuissario.“
708 2149 763 2183 Ex
789 2149 856 2184 hoc
890 2150 1114 2195 intellegitur
1149 2151 1350 2196 complures
1381 2163 1493 2185 annos
1527 2151 1620 2185 inter
1652 2163 1772 2185 eorum
1798 2163 1978 2196 nuncupa-

213 2201 347 2235 tionem
382 2203 418 2235 et
451 2201 543 2235 hanc
579 2202 809 2247 scriptionem
843 2203 1070 2245 interfuisse;
1108 2216 1214 2248 quam
1249 2216 1269 2238 a
1296 2204 1438 2239 Canisio
1472 2204 1607 2238 factam
1642 2216 1721 2239 esse
1755 2207 1860 2249 puto,
1896 2216 1976 2238 cum

214 2253 346 2288 Romae
373 2256 478 2294 esset,
506 2267 597 2289 anno
619 2256 708 2290 1565
736 2256 794 2290 vel
821 2257 930 2290 etiam
957 2269 1048 2291 anno
1070 2258 1171 2291 1568.
1206 2258 1300 2292 Vota
1325 2257 1404 2303 ipsa
1429 2257 1606 2303 simplicia
1623 2258 1682 2292 hic
1699 2269 1768 2292 non
1787 2259 1977 2302 ponuntur,

212 2307 295 2351 quia
322 2319 442 2341 eorum
470 2308 582 2342 forma
609 2309 652 2342 ab
680 2321 739 2351 ea,
776 2321 867 2354 quae
893 2322 987 2344 nunc
1013 2310 1218 2352 adhibetur,
1244 2311 1308 2345 vix
1334 2311 1471 2351 differt:
1507 2311 1576 2345 nisi
1602 2311 1695 2355 quod
1721 2311 1908 2355 promissio
1934 2311 1977 2345 dc

211 2360 403 2395 ambitione
438 2361 702 2397 manifestanda
736 2365 859 2397 votum
897 2362 1094 2398 secund'um
1128 2365 1292 2408 sequitur
1333 2364 1505 2409 (reposita
1539 2367 1620 2409 post
1653 2364 1800 2398 tertium
1836 2376 1881 2398 ex
1919 2365 1976 2399 de-

211 2416 308 2447 creto
333 2414 390 2448 46.
418 2415 706 2459 congregationis
732 2417 912 2459 generalis
938 2417 1077 2458 tertiae,
1104 2429 1196 2452 anno
1221 2418 1311 2452 1573
1337 2418 1519 2461 habitae);
1546 2417 1642 2463 prior
1667 2417 1729 2451 illa
1755 2420 1811 2452 est
1836 2418 1871 2452 in
1901 2418 1975 2460 „In-

211 2466 339 2500 stituto
366 2466 556 2501 Societatis
583 2469 698 2509 Iesu“,
732 2469 859 2513 Congr.
889 2471 919 2512 1,
946 2470 1040 2505 decr.
1071 2471 1147 2505 102.

331 2520 345 2540 ²
370 2520 482 2565 Typis
509 2521 689 2567 descripta
716 2522 750 2556 iu
777 2535 883 2569 opere
906 2523 1210 2566 „Constitutiones
1229 2523 1418 2558 Societatis
1437 2525 1525 2558 Jesu
1543 2524 1676 2558 latinae
1695 2527 1730 2559 et
1747 2524 1972 2570 hispanicae“

216 2573 367 2615 (Matriti
398 2574 504 2617 1892)
534 2587 565 2619 p.
595 2575 793 2609 313—314.

332 2628 344 2646 3
370 2627 409 2660 111
441 2627 680 2666 ,,11’1011101’1311“
719 2641 751 2673 p.
779 2629 918 2663 212—23
957 2630 1026 2674 (ed.
1054 2631 1135 2665 mai.
1163 2642 1195 2675 p.
1223 2630 1283 2674 21)
1322 2633 1376 2671 et,
1412 2630 1571 2665 nonnihil
1597 2634 1717 2665 tamen
1743 2631 1903 2672 diversa,
1940 2632 1975 2665 in

217 2679 363 2719 ,cartas
390 2680 446 2713 (lel
473 2682 514 2714 B.
544 2683 580 2715 Ι).
611 2683 723 2715 Pedro
750 2683 889 2717 Fabro“
920 2683 946 2724 I,
976 2684 1052 2718 100.

331 2735 343 2753 ⁴¹
370 2733 408 2766 In
439 2733 783 2774 „Coustitutionibus
817 2735 940 2770 latinis
976 2739 1012 2770 et
1037 2736 1251 2781 hispanicis“
1292 2749 1324 2781 p.
1354 2737 1432 2771 379.
1485 2737 1619 2771 Ibidem
1654 2750 1687 2782 p.
1718 2738 1782 2771 177
1822 2737 1974 2771 formula

212 2788 333 2819 exstat
358 2786 547 2821 ordinaria.

331 2840 344 2857 ³
369 2840 591 2884 Apparatum
610 2840 711 2875 illum
739 2844 927 2875 externum
954 2842 1258 2887 caerimoniasque
1276 2843 1358 2877 illas
1378 2843 1554 2877 Polaucus
1580 2843 1771 2887 significat,
1798 2855 1888 2887 quac
1905 2854 1974 2877 non

215 2892 444 2934 requiruntur
470 2893 623 2936 quidem,
650 2896 689 2927 ut
708 2895 883 2939 professio
910 2895 1041 2937 valeat,
1068 2896 1130 2930 sed
1149 2896 1192 2930 ad
1211 2908 1289 2930 eam
1315 2897 1431 2940 magis
1457 2897 1651 2930 ornandam
1670 2896 1829 2931 adhiberi
1847 2895 1973 2930 solent.

332 2945 344 2963 ὓ
371 2945 550 2979 Adrianus
585 2947 753 2989 Adriani,
799 2947 1014 2983 Societatem
1049 2948 1236 2993 ingressus
1270 2961 1361 2984 anno
1399 2950 1508 2991 1545,
1552 2949 1663 2984 Sociis
1707 2948 1973 2983 lovaniensibus

215 2997 367 3038 praefuit
396 2999 639 3035 1:349Q1558.

332 3050 343 3068 ³
374 3051 552 3085 Kritzradt
588 3054 816 3098 transcripsit
855 3065 918 3097 „ex
944 3055 992 3089 M.
1020 3054 1053 3089 S.
1080 3055 1115 3089 in
1142 3055 1226 3090 folio
1260 3055 1299 3090 P.
1326 3055 1500 3090 Leonardi
1536 3055 1688 3100 Kesselij
1723 3055 1767 3089 ab
1799 3055 1900 3088 1550.
1928 3056 1970 3088 ad

217 3101 367 3188 15:33}50
391 3103 520 3138 Exstat
556 3118 649 3140 nunc
683 3106 718 3140 in
754 3108 828 3141 cod.
865 3108 978 3142 colon.
1018 3108 1121 3150 „Litt.
1148 3108 1278 3153 Epistt.
1306 3110 1401 3143 varst
1440 3109 1465 3143 f.
1491 3121 1559 3143 non
1590 3108 1701 3151 sign„
1737 3107 1829 3152 quod
1857 3111 1912 3141 cst
1936 3109 1968 3142 4,

215 3156 297 3186 111110
372 3182 378 3188 .
