2113 3430
844 185 899 219 23.
926 185 1012 219 Maii
1040 184 1140 218 1555.
1785 185 1865 225 541

908 305 1071 348 IESVS

503 384 654 427 Gratia
687 384 846 426 domini
877 384 1010 426 IESV
1042 383 1263 425 nobiscum
1295 386 1486 426 aeterna.

228 467 448 509 Perlatum
470 466 553 508 huc
576 469 643 508 est
664 466 790 509 triste
812 465 1022 515 nuntium,
1057 465 1218 519 optime
1239 465 1507 507 Vichmanne
1534 464 1690 506 Consul
1704 465 1731 514 1,
1766 477 1872 505 non-

109 532 249 574 nullos
282 531 354 584 qui
377 531 509 573 IESV
542 531 739 574 societati
773 544 927 572 nomen
961 530 1182 580 dederunt,
1216 530 1328 572 male
1359 528 1486 572 isthic
1519 528 1680 579 audire,
1714 528 1872 571 vestri-

54 625 56 627 >
110 610 192 649 que
225 597 410 638 Senatus
451 596 669 639 sententia
709 595 892 639 tractari
929 594 1075 636 durius
1117 608 1167 635 ac
1208 595 1320 636 laedi
1336 595 1364 637 2.
1428 593 1551 636 Facit
1590 593 1670 635 hoc
1708 593 1872 636 83111311

109 661 272 715 opinor,
307 661 378 714 qui
409 661 531 702 bonis
563 661 772 702 bonorum
806 659 1043 710 conatibus,
1077 659 1333 713 praesertim
1367 659 1519 712 quibus
1546 658 1703 700 Christi
1735 657 1874 711 gloria

109 730 152 769 et
185 726 303 768 salus
334 725 521 780 proximi
552 728 852 780 promouetur,
896 738 951 766 ex
981 724 1177 778 professo
1220 724 1372 777 quibus
1412 723 1600 765 maxime
1632 722 1796 764 viribus
1829 726 1874 764 et

109 791 275 833 artibus
306 793 464 844 potest,
497 804 576 844 per
609 789 821 843 quoslibet
853 789 984 832 etiam
1016 789 1179 842 gaudet
1211 788 1445 838 aduersari,
1480 790 1611 840 atque
1644 787 1873 829 detrahere

109 855 331 898 contendit
347 856 375 898 3.

228 921 320 962 Tua
360 934 463 962 Vero
504 919 735 974 prudentia
776 918 1017 961 consideret
1058 931 1244 971 quaeso,
1292 932 1419 971 quam
1459 916 1633 971 indigne
1672 917 1774 966 fiat,
1823 919 1874 958 vt

109 985 310 1027 maleuoli
342 985 485 1027 nescio
519 985 610 1037 qui,
653 983 919 1027 authoritate
951 985 1101 1025 vestra
1133 983 1188 1024 ad
1219 983 1427 1024 bonorum
1458 982 1530 1024 vel
1562 983 1870 1035 contemptum,

109 1051 178 1092 vel
209 1050 409 1092 iniuriam
450 1050 697 1092 abutantur.
761 1048 984 1102 Perpende
1016 1050 1136 1089 recta
1168 1050 1331 1098 tecum,
1375 1047 1475 1100 quid
1506 1047 1870 1089 incommodorum

109 1115 280 1158 adferat
312 1129 457 1157 secum
489 1115 654 1157 isthaec
686 1113 911 1163 severitas,
944 1112 1158 1154 imminuit
1180 1113 1365 1155 Senatus
1391 1112 1527 1154 vestri
1560 1111 1868 1154 authoritatem

110 1181 222 1234 apud
245 1180 501 1230 Catholicos,
535 1179 684 1233 Remp:
717 1181 910 1220 vestram
942 1178 985 1219 in
1017 1177 1303 1231 suspicionem
1335 1191 1511 1230 grauem
1539 1176 1726 1227 adducit,
1761 1190 1872 1230 quae

109 1246 243 1287 bonos
275 1245 454 1299 reijciat,
487 1244 693 1298 pietatem
727 1243 946 1297 impediat,
980 1257 1030 1284 ac
1056 1242 1203 1285 laedat
1234 1242 1497 1284 innocentes.
1546 1241 1664 1284 Nota
1696 1244 1763 1284 est
1795 1255 1872 1282 ex-

109 1310 214 1352 teris
247 1310 441 1352 Societas
473 1311 644 1359 nostra,
679 1322 789 1362 quae
819 1311 990 1351 tantum
1023 1307 1121 1349 fidei
1154 1310 1198 1350 et
1230 1307 1508 1350 authoritatis
1540 1307 1653 1360 apud
1686 1306 1873 1360 optimos

109 1375 351 1429 Principes,
391 1374 504 1428 apud
536 1373 825 1416 nobilissimas
856 1372 1100 1427 prouincias
1132 1372 1331 1415 nationes
1364 1371 1565 1414 ciuitates
1596 1371 1781 1421 inuenit,
1824 1374 1874 1413 vt

109 1440 377 1493 quorundam
419 1438 827 1489 obtrectationibus,
871 1437 1117 1491 calumniis,
1160 1437 1347 1491 iniuriis,
1391 1436 1584 1479 exerceri
1621 1436 1795 1491 probari
1827 1438 1872 1478 et·

108 1504 317 1548 illustrari
348 1504 507 1558 possit,
549 1504 591 1545 in
623 1503 800 1558 pietatis
832 1506 978 1545 autem
1009 1502 1329 1557 promouendae
1373 1505 1504 1555 atque
1537 1501 1764 1544 charitatis
1797 1501 1871 1543 de-

232 1626 240 1645 ¹
272 1624 343 1667 „De
370 1625 506 1658 functie
532 1635 602 1658 van
629 1624 924 1667 Burgermeester
949 1623 980 1657 is
1004 1623 1136 1657 binnen
1161 1623 1350 1668 Nijmegen
1376 1634 1446 1656 van
1474 1623 1515 1656 de
1542 1622 1666 1657 oudste
1693 1621 1805 1666 tijden
1831 1622 1871 1656 af

109 1690 194 1713 eene
214 1678 423 1712 Connnissie
449 1678 503 1711 uit
528 1677 595 1711 den
614 1676 713 1711 Raad
739 1688 826 1710 voor
851 1676 919 1710 den
944 1676 1009 1722 tijd
1036 1688 1107 1710 van
1134 1688 1198 1710 een
1221 1676 1310 1721 jaar,
1338 1677 1373 1709 in
1400 1675 1539 1710 welken
1558 1676 1656 1709 Raad
1684 1675 1726 1709 de
1753 1678 1870 1709 eerste

108 1731 323 1775 regeerende
348 1731 644 1773 Burgermeester
678 1729 941 1774 praesideerfl‘:
979 1731 1052 1764 1071.
1090 1732 1260 1773 Suectius,
1297 1729 1467 1774 Chronijk
1502 1740 1573 1763 van
1609 1728 1650 1762 de
1686 1728 1772 1762 Stad
1807 1728 1870 1762 der

111 1784 324 1818 Batavieren
353 1784 557 1829 (Nijmegen
586 1783 691 1825 1784)
721 1795 754 1827 p.
782 1783 879 1816 2471.

227 1838 240 1858 2
266 1837 304 1871 P.
332 1837 538 1871 Leonardus
563 1836 691 1870 Kessel
717 1848 809 1870 anno
837 1837 946 1876 1554,
983 1839 1023 1870 ut
1048 1835 1171 1870 multis
1197 1835 1446 1876 satisfaceret,
1474 1834 1619 1868 Colonia
1645 1834 1866 1877 Neomagum

110 1893 257 1925 venerat
283 1891 403 1934 ibique
430 1890 626 1923 animarum
653 1890 829 1930 fructum,
864 1889 1006 1933 qualem
1032 1888 1196 1933 nuspiam
1224 1890 1348 1930 antea,
1384 1887 1589 1930 collegerat.
1640 1886 1775 1921 Ibidem
1803 1886 1866 1921 Ca-

108 1944 207 1985 nisii,
245 1955 350 1987 quam
378 1955 486 1987 supra
513 1943 741 1987 scripsimus,
768 1944 962 1976 matertera
988 1942 1210 1987 peramplum
1238 1953 1317 1975 cum
1344 1952 1427 1975 area
1453 1940 1669 1975 domicilium
1696 1940 1867 1974 Societati

109 1997 288 2031 obtulerat
315 2008 464 2040 eamque
490 1996 707 2039 legationem
733 1995 799 2030 sub
826 1995 966 2029 initium
993 1996 1074 2029 anni
1098 1996 1186 2029 1555
1214 2006 1331 2029 coram
1359 1994 1631 2038 magistratibus
1650 1993 1868 2038 arbitrisque

107 2051 394 2091 confirmaverat,
421 2050 545 2083 fratris
570 2049 726 2083 maxime
752 2048 987 2094 repugnantis
1014 2060 1199 2083 assensum
1226 2050 1385 2082 mercata
1411 2047 1529 2081 aureis
1557 2047 1771 2090 quingentis.
1817 2048 1864 2080 At

106 2116 144 2138 re
171 2104 357 2146 divulgata
384 2103 659 2147 obstrepuerunt
684 2102 858 2147 primores
885 2102 1029 2146 quidam
1055 2114 1180 2146 parum
1201 2101 1376 2142 catholici,
1404 2103 1669 2134 murmurarunt
1688 2102 1723 2134 et
1742 2112 1863 2134 coeno-

106 2158 200 2191 bitae
229 2156 400 2197 nonnulli,
436 2156 545 2190 donec
576 2157 732 2197 senatus,
762 2167 806 2189 ne
836 2156 988 2189 maiores
1018 2155 1143 2189 turbae
1173 2157 1424 2195 nascerentur,
1452 2153 1654 2188 Kesselium
1686 2153 1772 2188 urbe
1803 2165 1861 2187 ex-

104 2211 230 2245 cedere
265 2210 412 2244 iuberet.
463 2209 498 2243 Is
534 2212 619 2243 tunc
646 2208 791 2242 Colonia
817 2208 991 2248 redierat,
1026 2210 1065 2242 ut
1092 2207 1324 2242 benefactrici
1351 2207 1493 2241 adesset
1518 2206 1759 2240 moribundae.
1810 2207 1863 2240 Ac

106 2266 229 2308 postea
256 2262 387 2297 refellit
415 2262 557 2306 quidem
584 2261 782 2296 calumnias
809 2273 927 2296 coram
954 2264 1081 2296 senatu
1116 2263 1283 2295 universo
1318 2272 1359 2294 ac
1394 2259 1589 2304 diplomata
1624 2259 1731 2293 etiam
1769 2271 1861 2294 sum-

106 2328 242 2351 morum
268 2316 477 2361 pontificum
504 2315 659 2355 evolvit,
698 2314 760 2348 sed
798 2314 934 2348 frustra
963 2314 1204 2358 (Oi-landinus·
1229 2314 1251 2348 1.
1280 2325 1308 2347 0.
1336 2314 1357 2347 l.
1388 2314 1449 2353 15,
1476 2324 1508 2346 11.
1537 2312 1591 2346 28.
1643 2314 1865 2356 Ix'ee'ffenbery

104 2370 126 2403 1.
154 2382 182 2403 (·.
210 2381 243 2414 p.
269 2368 440 2411 45—46).
491 2367 644 2402 senatus
680 2367 861 2401 decretum
896 2367 947 2401 sic
983 2367 1147 2412 proponit
1173 2369 1325 2400 Ioannes
1351 2368 1502 2399 Snwtins
1532 2364 1677 2409 (Smith)
1708 2365 1861 2400 Calvini-

104 2426 241 2457 starum
268 2422 431 2456 minister
456 2420 715 2464 neomagensis‚
742 2432 787 2454 ex
813 2420 960 2455 archivo
986 2420 1146 2455 civitatis
1172 2420 1360 2454 haustum:
1393 2419 1465 2461 „Na
1492 2419 1552 2452 dat
1572 2419 1695 2461 eenige
1716 2418 1788 2461 (die
1807 2419 1865 2462 zig

106 2476 268 2510 ,1031111611
294 2475 404 2508 1161611
430 2474 593 2516 noemen)
623 2473 752 2507 binnen
779 2473 821 2507 de
848 2473 932 2507 Stad
959 2473 1147 2517 Nijmegen
1175 2472 1408 2516 allengskens
1444 2484 1584 2506 waaren
1623 2471 1864 2516 ingesloopeu,

105 2541 147 2562 611
173 2528 231 2571 zig
257 2527 529 2567 onderstonden,
557 2538 618 2560 200
645 2526 680 2560 111
708 2526 944 2572 711161111611111,
972 2526 1025 2560 als
1052 2527 1087 2560 in
1115 2526 1139 2560 't
1158 2526 1345 2571 openbaar,
1373 2525 1415 2559 (16
1441 2524 1548 2569 preek
1578 2527 1612 2558 16
1639 2524 1793 2566 hooren,
1820 2536 1863 2558 en

104 2581 169 2615 001(
198 2581 232 2614 111
260 2580 421 2625 ettelijke
447 2579 584 2613 kerken
611 2579 699 2613 zelfs
726 2580 842 2614 dienst
869 2582 904 2614 te
931 2580 1037 2616 doen.
1077 2579 1164 2613 daal·
1189 2590 1324 2613 nevens
1360 2578 1484 2621 eenigc
1519 2577 1792 2612 conventiculen
1827 2580 1863 2611 te

106 2634 256 2674 houden,
284 2645 338 2667 om
367 2633 452 2666 daar
479 2633 565 2666 door
592 2632 617 2665 ‘t
635 2633 721 2666 zaad
748 2644 819 2667 van
845 2633 1041 2677 twcespald
1068 2633 1168 2666 beter
1194 2634 1229 2665 te
1257 2631 1403 2676 zaaijen,
1431 2643 1472 2664 611
1500 2633 1535 2664 16
1561 2630 1673 2675 gelijk
1700 2630 1862 2675 ettelijke

104 2687 336 2731 erfgoederen
363 2698 430 2720 aan
457 2685 514 2729 zig
539 2688 575 2719 te
601 2697 764 2726 werven,
801 2698 862 2719 200
898 2686 1035 2719 hebben
1063 2685 1105 2719 de
1132 2685 1277 2719 Raaden
1304 2696 1374 2718 van
1401 2684 1590 2729 Nijmegcn
1617 2684 1701 2717 (1626
1727 2683 1864 2718 nieuws

103 2740 332 2784 ingeslopene
360 2739 523 2773 Jesuiten
549 2739 601 2772 uit
626 2738 734 2772 halare
761 2738 846 2772 Stad
873 2739 1078 2782 gebannen,
1118 2750 1161 2771 en
1197 2738 1281 2771 door
1314 2748 1377 2771 een
1404 2736 1652 2781 Roeij-drager
1678 2736 1745 2770 (1011
1772 2740 1862 2770 weet

103 2794 259 2838 gedaan,
299 2793 359 2826 dat
385 2792 428 2837 sij
456 2792 531 2826 21011
559 2792 769 2835 eerstdaags
795 2791 848 2825 uit
874 2792 916 2825 de
943 2791 1031 2826 Stad
1059 2791 1193 2825 zouden
1221 2791 1399 2833 begeveffl
1435 2790 1471 2833 (l.
1499 2802 1528 2823 c.
1556 2802 1587 2834 p.
1619 2789 1712 2832 125).
1765 2789 1861 2823 Idem

103 2847 288 2881 decretum
319 2857 382 2887 „cx
410 2845 638 2879 collectaneis
665 2844 814 2879 Gerardi
843 2844 994 2889 Canisij,
1032 2843 1196 2879 Consulis
1223 2855 1262 2877 eo
1289 2846 1449 2887 tempore
1475 2842 1666 2886 Neomag.“
1697 2843 1767 2876 iam
1803 2843 1861 2877 diu

103 2901 186 2934 ante
221 2899 393 2933 Smetium
428 2898 587 2932 ediderat
624 2899 806 2931 Arteoldets
843 2909 908 2931 ran
947 2898 1220 2940 Shushtenleorst,
1265 2896 1351 2930 iuris
1397 2895 1581 2930 consultus
1626 2895 1767 2940 gelruS,
1816 2908 1860 2930 ex

103 2953 249 2997 eiusque
287 2952 375 2986 libro
413 2951 539 2985 merito
579 2950 690 2984 conici
728 2962 832 2995 posse
870 2950 1013 2984 videtur
1051 2950 1223 2983 811161111111
1262 2949 1418 2993 aliquam
1465 2949 1598 2983 decreti
1648 2949 1859 2994 particulam

104 3005 285 3046 omisisse3
319 3016 424 3048 quam
462 3004 553 3037 infra
591 3015 654 3037 suo
688 3003 763 3037 loco
790 3014 983 3048 proponam
1013 3002 1111 3044 (xiv
1139 3002 1281 3036 Boeken
1310 3014 1377 3036 van
1406 3002 1448 3035 de
1475 3001 1665 3036 Geldersse
1694 3001 1859 3036 (916301110-

104 3058 278 3099 (1611133611,
306 3058 390 3092 (1001·
416 3059 540 3091 Areml
567 3068 630 3090 ran
660 3057 913 3090 Slichtenlzorst
939 3055 990 3099 [T'
1011 3055 1169 3089 Arnhem
1198 3054 1301 3099 1654]
1330 3067 1361 3100 p.
1389 3054 1606 3099 486—487).

223 3112 234 3130 ³
261 3112 419 3154 Schnqjes
456 3110 585 3144 asserit
623 3111 785 3144 senatum
813 3109 844 3143 2.
873 3109 1025 3143 Ianuarii
1056 3109 1144 3143 1555
1173 3108 1386 3143 Societatem
1414 3108 1594 3152 Neomago
1630 3108 1761 3153 pellere
1788 3111 1857 3142 sta—

103 3165 216 3199 tuisse
246 3164 282 3207 (1.
311 3176 339 3199 c.
366 3177 399 3210 p.
427 3163 523 3207 267).
