2113 3430
840 195 896 230 24.
924 194 1079 229 Ianuarii
1107 195 1209 228 1547.
1819 198 1900 239 237

145 326 305 363 omnes,
339 311 527 365 gratiam
560 312 674 353 illius
707 313 922 363 ambiunt,
957 326 1084 365 quem
1115 310 1408 366 pertinacibus
1440 311 1635 365 profecto
1668 313 1821 366 studijs
1854 327 1904 354 ac

143 377 284 432 impijs
306 376 522 418 federibus
544 376 658 420 inter
679 391 725 419 se
755 377 874 420 initis
895 378 1017 419 velut
1039 376 1273 418 Tirannum
1306 377 1517 428 quendam
1541 377 1904 427 insectabantur-¹⁵,

144 442 203 484 Et
234 456 344 483 unus
377 441 516 483 adhuc
549 441 789 496 Episcopus
831 442 901 495 qui
943 441 1147 483 senilibus
1188 441 1390 482 membris
1422 441 1692 494 prudentiam
1728 442 1906 484 senilem

144 506 336 549 excussit
376 507 584 548 aduersus
617 521 695 548 vos
737 510 781 549 et
822 506 1134 548 authoritatem
1175 504 1363 547 omnium
1404 505 1615 546 maiorum
1656 520 1751 547 sese
1792 506 1906 549 tueri

144 571 360 613 sufficiet?
402 571 528 612 facile
562 571 693 613 fuerit
725 571 881 625 psitaci
913 571 983 612 vel
1024 570 1205 624 pauonis
1237 569 1446 612 tumidam
1480 570 1668 622 effigiem
1701 571 1780 612 sibi
1812 571 1906 612 vin-

146 636 301 678 dicare.
366 635 450 677 Sed
483 635 583 688 quid
615 636 767 678 horum
801 636 1155 677 animalculorum
1188 634 1379 677 tenuitas
1411 635 1466 676 ad
1497 634 1703 677 inuictam
1734 636 1907 688 lateque

145 703 423 754 spargentem
466 701 559 742 alas
597 701 845 754 aquilam?1
908 701 1135 741 Caesarem
1168 697 1347 741 Vlmaeb
1380 699 1505 741 adibo
1539 702 1583 740 et
1614 714 1705 741 rem
1738 714 1906 741 omnem

144 765 258 819 apud
307 766 358 807 D.
405 765 629 807 Verallum
682 765 768 807 illic
821 765 1061 819 expediam.
1139 764 1182 806 Si
1231 765 1348 806 Deus
1401 767 1488 818 opt.
1539 764 1753 806 maximus
1804 765 1906 806 mihi

144 829 293 871 fauere
325 833 482 883 pergat
514 830 677 871 Ibidem
709 829 1006 884 responsorias
1041 830 1095 871 ad
1128 829 1497 883 archiepiscopum
1530 832 1724 871 nostrum
1756 829 1907 872 literas

144 909 170 936 a
193 894 348 936 Cesare
382 894 613 948 diligenter
644 898 802 949 petam.
859 894 1207 936 Consiliariorum
1239 908 1325 936 vna
1356 895 1435 935 hec
1467 894 1684 936 sententia
1716 897 1794 945 est,
1830 910 1906 936 ex-

143 959 404 1013 pectandum
439 974 532 1001 esse
564 963 861 1014 responsun1⁰‚
903 960 1102 1002 Statuum
1135 961 1179 1001 et
1211 958 1489 1001 Comitiorum
1520 959 1703 1001 istorum
1735 974 1906 1002 succes-

143 1038 237 1065 sum
250 1025 279 1066 2.
312 1027 412 1078 post
434 1038 536 1066 vero
559 1024 790 1078 plurimum
811 1024 976 1066 referre
1008 1027 1056 1066 vt
1089 1038 1170 1076 que
1204 1024 1258 1065 ad
1287 1023 1482 1076 regalia3
1514 1026 1715 1078 spectant
1737 1024 1906 1077 aliaque

144 1088 300 1131 similia
332 1103 469 1131 nouus
502 1089 862 1143 Archiepiscopus
904 1103 1048 1131 coram
1082 1090 1262 1142 expetat
1294 1103 1320 1130 a
1352 1089 1536 1130 Caesare
1567 1089 1837 1143 potissimum
1871 1091 1905 1131 si

143 1152 275 1206 (quod
319 1154 499 1197 credunt
544 1154 709 1207 omnes)
753 1154 930 1196 tandem
976 1153 1183 1195 confectis
1229 1153 1356 1195 rebus
1399 1153 1568 1207 Spiram
1617 1168 1767 1196 caesar
1811 1169 1906 1196 sese

142 1218 335 1272 recipiat.
380 1219 473 1272 Ego
506 1219 540 1260 si
574 1216 886 1260 conditionemd
918 1233 1062 1260 rerum
1083 1218 1181 1260 istic
1214 1221 1460 1260 vestrarum
1483 1233 1655 1261 nossem
1677 1220 1905 1273 presertim

144 1297 225 1336 que
247 1283 373 1325 hodie
394 1286 584 1326 tractate
612 1286 726 1334 sunt,
759 1283 966 1325 maiorem
998 1283 1186 1325 fortasse
1219 1297 1273 1324 ex
1304 1284 1385 1324 hac
1417 1283 1685 1337 profectione
1717 1284 1904 1326 fructum

144 1348 365 1391 referrem.
413 1349 481 1390 Ita
513 1363 640 1403 spero
672 1363 815 1390 meum
846 1347 1131 1402 perspexistis
1165 1347 1353 1389 animum
1386 1351 1434 1390 vt
1465 1363 1605 1390 meam
1638 1349 1759 1390 vobis
1792 1364 1906 1391 com-

143 1413 348 1455 mendare
381 1413 649 1467 diligentiam
681 1413 786 1455 nihil
818 1414 875 1455 sit
907 1428 1026 1468 opus,
1078 1413 1238 1462 Quume
1272 1414 1326 1455 ad
1354 1416 1498 1455 castra
1529 1413 1607 1455 1100
1630 1414 1906 1456 faelicissima

144 1478 355 1529 scribitis,
400 1481 467 1520 est
510 1492 585 1520 cur
616 1478 855 1521 Cardinalis
897 1478 1143 1531 Augustani
1183 1478 1311 1520 fidem
1353 1480 1396 1520 et
1437 1492 1613 1532 operam
1653 1479 1904 1533 imploretis.

144 1543 374 1585 Confessor
414 1557 516 1585 vere
550 1543 707 1585 Christi
749 1544 971 1585 confessor
1011 1557 1136 1596 quem
1178 1543 1364 1592 nostisJ‘q
1408 1545 1452 1584 et
1493 1543 1800 1597 Obernburger
1840 1544 1907 1586 0111

143 1622 296 1649 munus
336 1608 441 1649 illud
482 1608 739 1662 promissum
781 1609 880 1651 est5
924 1608 1021 1650 dein
1065 1608 1364 1650 Granuelanus
1406 1610 1450 1649 et
1491 1608 1691 1650 Nauius6
1736 1609 1906 1651 amicis-

143 1672 274 1714 simos
296 1672 398 1714 mihi
425 1673 632 1726 vobisque
665 1673 859 1715 omnibus
893 1673 1099 1715 exhibent
1131 1687 1238 1715 sese.
1285 1672 1493 1714 Dominus
1527 1676 1754 1716 conseruet
1785 1677 1905 1716 tuam

144 1737 422 1790 dignitatem,
456 1741 500 1780 et
532 1739 955 1781 Reuerendissimum
987 1753 1074 1780 vna
1107 1752 1202 1780 cum
1233 1741 1326 1780 toto
1360 1736 1505 1780 Clerof
1533 1738 1812 1789 incolumem,
1852 1754 1906 1781 ex

143 1803 436 1856 Keyselingen
470 1805 524 1844 24
557 1803 753 1857 ‚Januarij
791 1805 915 1846 1547.

1164 1868 1323 1910 Seruus
1354 1871 1455 1910 tuus
1488 1868 1533 1911 P.
1568 1868 1772 1910 Kanisius

262 1983 275 1996 '⁴
297 1977 522 2012 insectabant
548 1979 805 2022 Varrentrapp.
951 1977 965 1997 ¹²
988 1978 1131 2012 Vlmam
1158 1990 1279 2022 (ψοφῇ

262 2037 273 2050 ⁰
299 2033 465 2065 Fortasse
490 2033 693 2074 Zeyemlum:
718 2034 800 2066 ante
826 2043 1048 2076 responsum.
1201 2031 1213 2051 ‘¹
1237 2033 1486 2075 Varrentrapp
1511 2033 1627 2074 falso:
1652 2031 1904 2066 conditionum.

262 2089 274 2102 ⁰
298 2086 546 2129 Varrentrapp
567 2097 781 2129 perperam:
807 2084 908 2126 Quid.
1055 2085 1066 2104 Γ
1091 2097 1170 2119 011111
1196 2086 1273 2119 tota
1300 2085 1394 2119 clero
1422 2087 1680 2129 Varrentrapp.

266 2219 274 2238 ¹
302 2217 446 2261 Insigne
473 2218 615 2261 generis
644 2218 780 2252 wedani
820 2218 930 2263 (quod
966 2230 1060 2252 nunc
1095 2218 1291 2262 principale
1327 2219 1397 2261 est)
1437 2229 1595 2262 pavones
1630 2217 1806 2258 continet;
1842 2217 1904 2250 ini-

144 2271 318 2315 peratoris
344 2271 486 2315 siguum
514 2271 632 2315 aquila
659 2277 736 2306 erat
761 2272 882 2316 biceps
908 2271 1057 2316 alasque
1083 2272 1300 2316 expandens.

263 2324 276 2344 ²
302 2325 499 2368 Imperator
517 2325 571 2359 21.
591 2324 798 2359 Decembris
819 2325 908 2358 1546
927 2325 1109 2359 ordinibus
1128 2324 1345 2358 electoratus
1364 2324 1577 2358 coloniensis
1595 2324 1838 2365 mandaverat,
1868 2329 1905 2357 ut

143 2377 198 2410 24.
230 2377 385 2411 Ianuarii
416 2377 596 2411 Coloniam
635 2378 886 2418 convenirent3
925 2377 1031 2412 huius
1069 2380 1268 2411 conventus
1304 2378 1486 2422 praesides
1522 2377 1785 2411 commissarios
1821 2389 1905 2411 suos

145 2429 348 2474 Philippum
362 2430 522 2474 Lalaing,
543 2431 707 2465 Geldriae
722 2431 954 2476 praefectum,
974 2434 1009 2465 et
1023 2431 1183 2474 Viglium
1198 2442 1269 2464 van
1283 2430 1458 2464 Zwichem
1478 2430 1741 2473 designaverat.
1769 2430 1905 2470 Quibus

145 2482 200 2516 22.
236 2483 392 2517 Ianuarii
429 2484 610 2518 Coloniam
645 2484 808 2518 advectis
842 2484 996 2518 multum
1031 2484 1263 2518 laborandum
1298 2484 1385 2525 fuit,
1424 2488 1465 2517 ut
1504 2483 1726 2526 „saeculares
1752 2484 1904 2524 status“‚

145 2535 306 2569 Wedano
333 2536 500 2577 devotos,
536 2537 579 2570 ad
615 2537 772 2571 officium
808 2537 1020 2571 reducerent
1047 2539 1313 2581 (Varrentrapp
1339 2537 1361 2570 l.
1389 2548 1418 2570 c.
1446 2549 1478 2581 p.
1506 2537 1704 2570 272--274,
1749 2537 1812 2570 Fr.
1841 2537 1902 2569 Ec.

147 2601 172 2622 c.
200 2590 343 2631 Meriny
377 2589 447 2623 und
475 2591 516 2623 L.
544 2591 742 2629 Reischerz‘,
777 2590 845 2624 Zur
871 2590 1087 2625 Geschichte
1123 2591 1185 2623 der
1220 2590 1323 2624 Stadt
1359 2590 1451 2623 Kijln
1486 2600 1543 2623 am
1570 2589 1683 2622 Rhein
1720 2589 1769 2622 III
1797 2588 1903 2633 [Kijln

148 2641 262 2685 1839]‚
292 2642 504 2685 127—14‘2).

265 2696 277 2715 ³
302 2695 385 2729 Iura
411 2696 583 2739 quaedam
611 2695 714 2736 dicit,
749 2696 849 2730 velut
875 2696 1032 2739 vectigal
1059 2695 1245 2739 exigendi,
1274 2696 1327 2729 ius
1354 2695 1512 2737 dicendi,
1540 2694 1688 2735 similia,
1716 2706 1806 2738 quae
1833 2696 1902 2739 epi-

144 2748 261 2793 scopis
287 2748 468 2791 germanis
494 2748 537 2782 ab
564 2749 837 2793 imperatoribus
864 2749 1126 2783 deferebantur.

264 2803 276 2821 ⁴
304 2801 428 2835 031010
454 2801 497 2835 V.
525 2813 544 2834 a
570 2802 683 2836 sacris
709 2802 992 2836 confessionibus
1019 2804 1105 2836 tunc
1131 2804 1208 2836 erat
1234 2802 1272 2835 P.
1301 2801 1430 2835 Petrus
1455 2801 1498 2834 de
1525 2800 1607 2834 Soto
1634 2800 1674 2834 O.
1702 2800 1760 2835 I‘r.
1811 2800 1902 2834 Huic

146 2854 310 2889 Canisius
336 2855 478 2888 litteras
504 2855 819 2889 commendaticias
845 2855 986 2888 tradere
1013 2855 1138 2899 potuit,
1171 2855 1214 2888 ab
1242 2853 1404 2898 Adolpho
1430 2853 1697 2898 archiepiscopo
1724 2856 1902 2899 acceptas.

145 2906 242 2949 Quas
269 2908 350 2941 vide
377 2907 481 2948 infra,
508 2919 661 2941 monum.
689 2908 745 2941 23.

264 2962 277 2981 ⁵
303 2961 452 2995 Ioannes
471 2960 725 3003 Obcruburger
743 2972 761 2993 e
780 2959 935 2994 caesaris
953 2960 1157 2994 secretariis
1177 2962 1253 2993 erat
1274 2960 1427 3003 (Pastor,
1455 2959 1901 3003 Reunionsbestrebungen

147 3027 177 3058 p.
205 3014 260 3048 30.
288 3014 384 3056 306).

265 3067 278 3087 ⁶
303 3066 434 3101 Doctor
454 3067 602 3100 [oannes
621 3066 752 3107 Naves,
779 3066 1102 3109 luxemburgensis,
1127 3065 1446 3100 vicecancellarius
1464 3065 1603 3110 imperii
1622 3068 1708 3100 erat.
1738 3065 1902 3100 Canisius

145 3122 222 3153 tum
248 3119 341 3160 huic,
366 3124 443 3153 tum
469 3119 711 3154 Granvcllano
738 3119 782 3153 ab
810 3119 970 3163 Adolpho
996 3131 1059 3163 per
1084 3119 1225 3153 litteras
1251 3118 1519 3153 commendatus
1546 3122 1633 3153 erat.
1682 3118 1771 3152 Vide
1799 3119 1901 3159 iufra,

146 3184 297 3206 monum.
326 3173 380 3206 ⁴24.
