2113 3430
212 225 294 265 134
656 220 708 254 19.
746 219 911 254 Canisius
937 218 1104 254 Oswaldo
1131 219 1174 253 Π.
1201 218 1322 253 comiti
1347 219 1534 253 montensi.

209 339 359 380 volens
392 336 753 391 praetermittam,
788 350 898 388 quae
931 335 1042 378 sicut
1075 334 1326 388 quotidiana
1359 334 1421 376 ita
1450 337 1551 377 sunt
1571 335 1809 385 innumera,
1843 335 1976 379 liceat

209 404 386 444 obsecro
419 400 693 455 prudentiam
726 403 846 443 tuam
878 400 946 441 hic
978 399 1082 441 mihi
1113 402 1271 441 testem
1304 400 1512 453 proferre.
1571 399 1678 449 Quid
1711 400 1822 441 enim
1855 401 1972 442 aliud

208 469 511 521 praeterquam
545 465 771 507 charitatis
803 465 846 506 in
880 464 1174 507 CHRISTVM
1215 467 1316 506 tuae
1358 463 1498 505 virtus
1538 464 1581 505 in
1614 478 1744 506 causa
1776 465 1880 516 fuit,
1925 469 1975 507 ut

208 546 274 574 me
307 546 391 573 una
425 545 520 573 cum
552 530 618 572 his
651 530 721 583 qui
754 544 921 571 mecum
953 530 996 571 in
1030 529 1273 571 CHRISTO
1308 532 1407 571 sunt
1439 528 1668 579 fratribus,
1708 529 1863 583 diligas
1896 531 1972 572 ab-

207 599 396 647 sentem,
439 596 590 637 foueas
622 595 943 646 immerentem,
987 597 1031 637 et
1064 608 1170 647 quos
1211 594 1389 635 necdum
1423 593 1583 635 videris
1623 594 1771 636 fovere
1810 595 1971 649 cupias,

206 662 317 703 tueri
350 661 564 714 gaudeas,
599 660 798 713 omnique
830 659 1134 701 benevolentia
1166 658 1463 713 prosequaris,
1499 658 1626 700 nullis
1658 659 1787 702 etiam
1822 660 1972 702 offitiis

205 728 499 780 provocatus?
553 726 646 779 Ego
670 739 772 767 vero
806 725 906 766 duni
938 724 1320 778 incomparabilem
1352 724 1464 765 lianc
1487 738 1590 777 erga
1613 738 1690 765 nos
1713 724 1970 767 charitatem

206 795 326 834 tuam
361 791 525 844 cogito,
561 793 678 832 certe
710 804 795 831 non
826 803 1001 844 possum
1034 803 1118 831 non
1151 788 1377 830 admirari:
1420 788 1604 842 primum
1638 789 1751 841 quod
1783 789 1971 831 admira-

206 856 334 899 bilem
382 857 500 898 illam
548 854 774 897 charitatis
822 854 1043 907 energiam
1091 868 1117 896 a
1160 854 1224 895 D:
1270 853 1480 907 Apostolo
1529 853 1867 908 praescriptam,
1917 855 1971 896 ad

207 935 291 964 cor.
330 922 411 962 131
444 935 490 962 re
522 920 616 974 ipsa
649 919 876 973 comperio.
940 919 1106 960 Deinde
1139 919 1252 972 quod
1283 918 1363 960 Dei
1397 918 1505 972 Opt:
1539 919 1665 960 Max:
1699 921 1743 960 et
1773 919 1847 960 filii
1880 919 1972 961 eius

206 986 377 1028 Domini
401 985 537 1028 nostri
560 985 691 1027 IESV
715 984 941 1026 CHRISTI
965 983 1266 1025 effusissimam
1290 997 1395 1036 erga
1427 997 1576 1025 servos
1609 997 1709 1025 suos
1731 984 1971 1026 bonitatem

207 1051 486 1105 contemplor.
532 1050 670 1091 Huius
699 1049 812 1091 enim
835 1049 979 1102 gratia
1011 1050 1059 1091 fit
1090 1048 1383 1103 proculdubio,
1418 1048 1531 1102 quod
1563 1053 1738 1102 praeter
1769 1049 1969 1092 meritum

206 1119 250 1159 et
283 1115 655 1170 exspectationem
689 1128 856 1156 omnem
889 1113 1002 1156 tanti
1036 1113 1225 1167 quotidie
1254 1113 1431 1156 Patroni
1463 1114 1585 1155 nobis
1619 1113 1864 1163 obveniant,
1899 1115 1972 1167 qui

207 1195 381 1223 causam
422 1180 608 1223 instituti
651 1179 788 1222 nostri
830 1179 1067 1233 provehere
1100 1182 1143 1221 et
1176 1179 1313 1221 velint
1346 1181 1389 1220 et
1421 1178 1600 1233 possint.
1664 1179 1779 1221 Ante
1811 1193 1974 1232 paucos

205 1260 376 1288 menses
409 1245 583 1299 (mirum
615 1244 750 1296 dictu)
783 1247 965 1298 paterno
1007 1245 1134 1298 plane
1176 1244 1335 1286 affectu
1367 1244 1594 1298 complecti
1626 1258 1704 1285 nos
1737 1246 1972 1298 coeperunt

206 1310 571 1353 Reverendissimi
612 1310 655 1351 in
697 1310 941 1352 CHRISTO
984 1309 1162 1359 Patres,
1207 1308 1378 1350 Domini
1418 1308 1555 1351 nostri
1597 1309 1865 1351 clementiss:
1908 1310 1970 1350 D:

207 1376 418 1429 Georgius
466 1390 491 1417 a
539 1375 785 1427 Skotborg
831 1374 1194 1429 Archiepiscopus
1240 1373 1480 1415 Lundensis
1532 1374 1700 1416 Primas
1753 1374 1968 1416 Sueciae²'.

206 1442 256 1484 D.
291 1441 582 1494 Hieronymus
614 1440 818 1482 Varallus
853 1438 952 1494 [sic]
999 1439 1361 1493 Archiepiscopus
1393 1439 1745 1481 Rossanensis⁰2.
1808 1440 1859 1481 D.
1893 1439 1971 1481 Jo-

204 1508 369 1548 hannes
391 1505 582 1559 Poggius
605 1505 844 1559 Episcopus
863 1504 1162 1559 Tropaeensis,
1187 1505 1312 1546 ambo
1335 1504 1490 1558 Legati
1506 1503 1758 1558 Apostolici.
1794 1504 1844 1546 D.
1865 1504 1970 1546 Otto

206 1572 421 1613 Truclises
452 1571 692 1625 Episcopus
724 1570 1031 1624 Augustanus,
1065 1584 1177 1611 nunc
1210 1569 1341 1611 etiam
1374 1569 1626 1611 Cardinalis.
1688 1570 1738 1611 D.
1773 1569 1970 1611 Theodo-

203 1637 318 1679 ricus
350 1636 509 1678 Hezius
541 1635 900 1678 Prothonotarius
921 1634 1211 1689 Apostolicus,
1246 1634 1443 1687 idemque
1467 1634 1745 1676 Subdecanus
1766 1634 1817 1676 D.
1841 1634 1970 1676 Lam-

205 1701 318 1744 berti
349 1701 599 1743 Leodiensis
612 1702 640 1743 3.
704 1700 835 1742 Hisce
869 1699 1046 1741 summis
1079 1699 1184 1740 viris
1216 1702 1264 1741 tu
1301 1713 1413 1741 nunc
1446 1699 1793 1741 annumerandus
1826 1712 1872 1740 es
1903 1699 1971 1740 vir

205 1781 392 1817 summe,
433 1766 504 1820 qui
536 1780 621 1808 non
653 1765 807 1807 minori
840 1765 1050 1807 virtutum
1084 1779 1211 1818 quam
1244 1764 1488 1807 stemmatis
1520 1779 1570 1806 ac
1602 1763 1785 1806 nominis
1817 1763 1970 1806 nobili-

204 1835 298 1875 tate
331 1832 444 1886 apud
475 1834 576 1874 tuos
607 1831 855 1885 praecellis,
891 1845 940 1872 eo
973 1833 1121 1873 tamen
1152 1829 1310 1878 maior,
1345 1843 1428 1882 quo
1460 1832 1505 1872 te
1537 1829 1660 1871 nobis
1692 1829 1773 1870 hoc
1806 1832 1874 1871 est
1904 1828 1969 1870 in-

204 1897 317 1938 fimis
359 1896 681 1938 clementiorem
726 1895 931 1938 ostendis
995 1895 1061 1936 Illi
1096 1909 1202 1948 quos
1236 1894 1570 1936 commemoravi
1601 1897 1776 1948 praeter
1809 1893 1970 1936 amicos

205 1961 312 2003 alios
338 1962 446 2003 bene
469 1975 688 2015 synceros,
724 1976 809 2003 non
842 1961 969 2002 aliter
999 1960 1195 2014 profecto
1229 1974 1279 2001 ac
1311 1962 1460 2014 patres
1493 1974 1616 2001 suam
1647 1959 1770 2001 nobis
1793 1973 1970 2013 operam

205 2040 387 2076 omnem,
422 2026 590 2080 quoties
623 2027 845 2076 vellemus,
878 2025 1186 2067 humanissime
1219 2024 1399 2079 polliciti
1422 2028 1535 2074 sunt,
1569 2022 1671 2078 prod
1693 2024 1866 2066 interim
1893 2024 1969 2065 ad-

203 2094 450 2141 monentes,
494 2094 542 2133 ut
581 2091 624 2133 in
668 2091 748 2133 hoc
790 2093 937 2133 nostro
978 2090 1200 2139 instituto,
1247 2090 1359 2142 quod
1393 2089 1635 2132 CHRISTO
1670 2090 1789 2131 Duce
1822 2103 1970 2130 sumus

203 2156 421 2211 amplexi,
480 2156 812 2210 persisteremus
865 2170 915 2197 ac
967 2169 1334 2209 promoveremus.
1419 2154 1617 2196 Facimus
1667 2154 1731 2196 ita
1783 2154 1967 2207 quidem,

203 2221 379 2264 tametsi
424 2236 509 2263 non
556 2221 648 2263 sine
693 2221 961 2274 quorundam
1004 2220 1166 2261 invidia
1211 2219 1337 2261 simul
1381 2222 1425 2262 01
1470 2219 1811 2269 obtrectatione,
1858 2232 1969 2271 quae

204 2286 326 2329 nobis
371 2286 503 2329 etiam
546 2286 734 2329 Iesuitae
778 2300 934 2327 nomen
979 2285 1136 2327 (1011114.
1209 2284 1337 2327 Absit
1381 2284 1492 2326 enim
1537 2284 1685 2338 procul
1730 2286 1778 2326 ut
1822 2297 1968 2325 sacro-

322 2414 334 2426 ²¹
359 2408 529 2452 Stotborg
555 2420 676 2451 ‹rpoytz
776 2406 790 2426 b
814 2407 968 2441 Sueviae
995 2419 1116 2451 (tpogsr.
1207 2412 1217 2425 ⁰
1244 2405 1480 2440 Rossenensis
1506 2417 1627 2449 aposst:
1719 2404 1732 2423 '³
1756 2417 1817 2449 pre
1844 2416 1966 2448 ‹zrpofflz

327 2514 335 2532 ¹
365 2513 379 2546 1
411 2512 488 2546 Cor.
519 2512 571 2551 13,
598 2512 701 2545 4—7.

324 2565 337 2585 ²²
363 2566 465 2599 Anno
494 2565 604 2605 1537,
641 2576 720 2598 011111
748 2564 989 2609 Hieronymus
1015 2563 1202 2604 Verallus,
1238 2574 1425 2602 romanus,
1452 2562 1615 2596 Venetiis
1641 2561 1820 2605 legatione
1855 2561 1969 2606 ponti-

205 2618 282 2652 ficis
308 2619 530 2662 fungeretur,
558 2618 721 2661 Ignatlus
747 2618 895 2661 eiusque
921 2617 1008 2651 socii
1027 2619 1112 2651 vota
1138 2616 1362 2661 paupertatis
1389 2618 1425 2650 et
1451 2615 1630 2650 castitatis
1657 2626 1774 2649 eoram
1803 2626 1842 2648 eo
1868 2625 1969 2647 reno·

205 2674 391 2705 vax-crant.
459 2671 592 2705 Eodem
630 2672 704 2704 fere
742 2673 902 2715 tempore
947 2670 1039 2704 idem
1087 2670 1227 2714 publica
1266 2669 1388 2703 tabula
1426 2669 1657 2703 sanctitatem
1695 2670 1730 2701 et
1769 2666 1966 2701 doctrinam

207 2724 335 2767 Ignatii
362 2726 557 2758 attestatus
584 2726 670 2758 erat.
723 2725 824 2757 Anno
854 2724 942 2757 1549
979 2723 1172 2757 cardinalis
1199 2725 1341 2757 creatus
1368 2724 1423 2756 est
1452 2722 1517 2765 (lo.
1546 2723 1638 2755 Petr.
1666 2722 1835 2764 Maffeius
1861 2719 1895 2753 S.
1923 2720 1967 2760 J.‚

205 2777 256 2810 De
283 2777 355 2810 vita
384 2780 419 2810 et
445 2777 568 2811 morib.
596 2777 725 2820 Ignatii
752 2776 894 2810 Loiolae
925 2775 1050 2819 [Duaci
1083 2776 1186 2819 1585]
1214 2776 1235 2809 l.
1264 2776 1295 2817 2,
1323 2787 1351 2809 c.
1377 2776 1409 2815 4,
1438 2788 1470 2820 p.
1491 2775 1545 2809 94.
1591 2774 1642 2808 Cf.
1666 2774 1726 2808 Cle..
1749 2774 1850 2807 Clm'r
1869 2772 1902 2806 S.
1923 2772 1966 2813 J„

206 2830 255 2863 La
281 2830 338 2862 vie
366 2830 407 2863 (10
434 2830 528 2864 saint
555 2831 685 2873 Ignace
712 2830 829 2874 [Paris
859 2829 962 2873 1891]
990 2841 1021 2874 p.
1050 2828 1266 2872 200-201).

325 2883 337 2901 ³
364 2882 451 2916 Vide
478 2895 586 2927 supra
612 2896 645 2928 p.
675 2884 752 2917 1⁶21.

325 2936 335 2954 ⁴
364 2936 464 2969 Anno
493 2937 582 2970 1555
610 2936 812 2971 Serbonnae
840 2935 1026 2980 parisiensi
1054 2935 1231 2969 Martinus
1258 2934 1372 2968 Olave
1399 2933 1432 2968 S.
1461 2934 1514 2974 J.,
1553 2933 1674 2966 doctor
1713 2934 1748 2965 et
1782 2931 1858 2975 ipse
1893 2942 1965 2964 sor-

205 2988 376 3021 bonnicus
403 2991 437 3021 et.
465 2989 601 3022 concilii
637 2989 822 3023 tridentini
857 2988 1065 3031 theologus,
1105 2988 1147 3022 de
1183 2987 1406 3021 institutione
1434 2985 1624 3020 societatis
1650 2985 1732 3018 lesu
1767 2984 1859 3017 inter
1895 2983 1963 3016 alia

204 3039 271 3074 hoc
307 3041 549 3075 asseveravit:
599 3042 694 3082 „Non
730 3042 799 3076 fuit
834 3041 1040 3081 consilinm,
1080 3043 1119 3074 vt
1155 3041 1215 3085 qui
1250 3041 1286 3074 in
1321 3040 1387 3074 liae
1423 3037 1699 3082 congregatione
1735 3040 1874 3076 essent,
1916 3036 1965 3069 le-

205 3093 321 3127 51111111·
359 3093 510 3137 simplici
547 3094 700 3128 dictione
739 3096 972 3129 vocarentur*
1017 3094 1257 3137 (()›·lan‹liuus
1295 3093 1316 3127 l.
1355 3104 1383 3126 0.
1420 3092 1442 3126 l.
1473 3092 1534 3132 15,
1569 3089 1703 3133 1247).
1754 3089 1807 3123 De
1843 3089 1965 3123 eodem

206 3146 345 3179 nomine
372 3146 514 3179 saeculo
543 3147 652 3180 XVII.
690 3148 832 3181 ineunte
862 3149 1076 3180 buum-iscus
1103 3148 1239 3179 Sum-e:
1265 3145 1299 3180 S.
1328 3145 1360 3179 J.
1389 3142 1679 3188 (1548—1617):
1720 3142 1888 3183 „Nomine
1915 3142 1964 3175 Ie-

206 3198 415 3239 suitarum·,
442 3199 566 3242 inquit,
599 3200 813 3240 ,abutuntur
839 3199 1025 3240 haeretici,
1054 3202 1091 3233 ut
1117 3199 1279 3233 homines
1306 3197 1496 3232 Societatis
1521 3195 1783 3241 proscindant.“
1838 3194 1966 3236 Quam—
