2113 3430
593 198 749 232 Monum.
779 195 1025 242 (coloniensia)
1054 195 1086 230 8.
1117 194 1393 240 (1536—1540.)
1792 198 1875 239 663

115 317 188 351 tica
213 316 359 359 linguae
393 314 528 348 latinae
563 326 607 348 ex
638 312 856 356 „Docti-inali
889 312 1100 357 puerorum“
1130 311 1173 346 ab
1200 311 1406 346 Alexandro
1441 312 1484 346 de
1509 311 1606 346 Villa
1630 311 1697 346 Dei
1723 310 1764 346 Ο.
1791 311 1877 346 Min.

119 370 156 414 (†
183 367 290 412 1240)
318 368 520 412 conscripto
546 367 719 401 tradatur.
762 366 803 400 In
832 366 1026 410 „conceptu
1052 376 1161 409 super
1187 365 1407 399 ordinatione
1433 365 1646 399 lectionum“
1676 365 1720 399 ab
1746 365 1876 399 artium

116 421 377 468 professoribus
424 420 684 455 coloniensibus
727 431 758 454 a.
797 418 885 453 1525
918 418 1042 452 facto¹
1079 418 1209 452 dicitur
1255 418 1455 453 adhibenda
1489 430 1567 453 esse
1603 429 1710 464 opera
1758 429 1877 463 „prae-

117 475 397 510 clarissimorum
434 473 792 518 grammaticorum“;
830 471 924 506 inter
961 483 1053 516 quae
1088 473 1320 505 recensentur
1345 471 1429 506 Aldi
1455 471 1609 506 Manutii
1643 470 1765 506 veneti
1803 471 1877 513 „In-

117 528 323 563 stitutiones
349 527 639 571 grammaticae“‚
665 525 804 560 Nicolai
829 524 968 559 Perotti
997 524 1033 568 (†
1053 524 1158 566 1480)
1192 525 1428 566 „Rudimenta
1453 524 1743 569 grammaticae“,
1770 535 1878 569 opera

117 580 353 625 grammatica
371 580 515 614 Antonii
533 579 739 613 Mancinelli
761 578 796 622 (†
814 578 895 612 circ.
917 577 1024 621 1506)
1042 578 1065 619 2,
1092 577 1173 611 alia.
1214 577 1441 621 Legebantur
1466 577 1653 622 Epistulae
1679 577 1877 611 familiares

119 634 310 675 Ciceronis,
337 633 522 678 Epistulae
548 632 730 666 Francisci
750 630 929 676 Philelphi
959 630 995 674 (†
1016 630 1136 673 1481),
1167 630 1268 672 „libri
1294 630 1492 665 officiorum
1519 629 1700 664 Ciceronis
1726 631 1763 664 et
1787 629 1877 664 eius—

118 688 197 721 dem
222 686 395 732 opuscula
420 686 463 720 de
498 685 673 727 amicitia,
710 685 752 719 de
783 685 968 719 senectute
995 685 1031 717 et
1055 683 1248 728 paradoxis
1274 684 1482 728 inscripta“,
1517 682 1670 726 Vergilii
1696 682 1877 724 Bucolica,

118 740 305 784 Georgica,
332 739 474 780 Aeneis,
501 739 642 773 Ioannis
668 737 854 782 Baptistae
880 736 1067 770 Mantuani
1093 735 1289 781 (Spagnoli,
1315 738 1336 778 †
1358 736 1463 781 1516)
1493 735 1534 771 O.
1554 735 1670 770 Carm.
1697 735 1777 770 libri
1803 738 1878 770 tres

123 793 196 836 „De
222 792 427 827 calamitate
453 792 672 836 temporum“
703 793 739 825 et
763 790 844 824 libri
871 791 1008 834 septem
1039 789 1326 831 „Parthenices“.

236 845 484 880 Tradebantur
509 845 617 879 etiam
643 846 679 878 et
713 843 982 888 exponebantur
1013 842 1225 884 „Rhetorica
1251 841 1465 884 Ciceronis“,
1501 842 1701 886 Praecepta
1731 841 1880 875 moralia

122 898 307 940 „Catonis‘
328 899 350 940 ³,
386 899 453 932 duo
489 898 547 931 vel
581 899 655 931 tres
689 897 794 941 primi
830 908 875 930 ex
909 896 1081 930 tredecim
1116 895 1217 929 libris
1248 895 1533 937 „Elementorum
1571 895 1794 929 matheseos“
1835 894 1879 928 ab

118 951 268 986 Euclide
294 950 517 996 conscriptis,
553 950 731 995 „Sphaera
757 948 972 983 materialis“
1004 948 1145 982 loannis
1172 948 1321 982 Halifax
1348 949 1390 982 de
1417 948 1525 983 Sacro
1551 949 1664 982 Bosco
1695 947 1730 991 (†
1759 946 1880 990 1256),

122 1005 376 1050 „Perspectiva
402 1004 618 1038 communis“
648 1003 724 1037 sive
752 1002 880 1047 Optica
905 1001 1048 1036 Ioannis
1073 1001 1256 1036 Peckham
1283 1001 1324 1036 Ο.
1348 1002 1434 1036 Min.
1457 1002 1492 1045 (†
1514 1000 1633 1045 1292),
1664 999 1879 1043 „Theoricae

119 1058 364 1103 planetarum⁴⁴
395 1057 546 1092 Gerardi
573 1056 821 1090 Cremonensis
850 1056 885 1097 (†
914 1055 1033 1098 1184).

238 1111 280 1145 In
305 1111 438 1154 Logica
463 1110 691 1144 tradebatur:
718 1110 754 1152 a)
787 1108 922 1151 „Vetus
940 1110 1032 1150 ars“,
1058 1108 1080 1142 i.
1100 1120 1129 1142 e.
1148 1107 1341 1153 Porphyrii
1358 1108 1524 1151 Isagoge,
1551 1106 1759 1141 Aristotelis
1778 1105 1880 1140 Cate-

119 1164 240 1207 goriae
267 1164 344 1198 sive
364 1164 669 1208 praedicamenta,
695 1163 854 1197 eiusdem
880 1174 969 1206 opus
987 1161 1039 1195 De
1065 1161 1378 1206 interpretatione;
1407 1161 1441 1203 b)
1476 1160 1598 1202 „Nova
1616 1160 1781 1204 Logica“,
1809 1159 1830 1192 i.
1850 1170 1879 1192 e.

120 1217 327 1251 Aristotelis
358 1217 458 1251 libri:
494 1216 765 1261 Analyticorum
791 1216 948 1260 priorum
983 1217 1020 1248 et
1054 1214 1309 1259 posteriorum,
1344 1214 1561 1258 topicorum,
1597 1214 1640 1248 de
1674 1211 1880 1258 sophisticis

121 1270 299 1311 elenchis3
326 1270 358 1314 c)
393 1270 532 1312 „Parva
558 1269 772 1313 Logicalia“,
799 1269 821 1303 i.
849 1280 878 1304 e.
905 1268 1180 1313 suppositiones,
1207 1267 1410 1309 relationes,
1438 1267 1698 1311 ampliationes,
1725 1265 1882 1310 appella-

121 1323 254 1364 tiones,
281 1323 545 1364 restrictiones,
572 1322 859 1363 distributiones,
886 1322 1234 1366 syncategoremata,
1262 1321 1485 1364 obligatoria,
1517 1319 1775 1363 „insolubilia“,
1801 1330 1881 1352 con-

122 1376 341 1420 sequentiae.
394 1376 529 1410 Studiis
564 1376 620 1410 his
654 1375 781 1419 logicis
815 1375 1007 1420 praecipue
1046 1374 1291 1416 „Summulae“
1331 1373 1502 1417 logicales
1541 1373 1660 1415 „Petri
1696 1371 1882 1417 Hispani“‚

122 1430 184 1473 qui
210 1432 335 1475 postea
361 1430 511 1464 loannes
537 1429 631 1463 XXI.
659 1440 751 1474 papa
776 1428 845 1462 suit
873 1428 908 1472 (†
937 1427 1065 1471 1277),
1104 1427 1264 1461 adhiberi
1290 1427 1463 1461 solebant.
1514 1427 1616 1460 Anno
1643 1428 1763 1460 autem
1792 1425 1881 1459 1525

122 1483 357 1517 constitutum
376 1486 441 1524 est,
468 1485 508 1516 ut
534 1482 672 1516 artistis
698 1494 811 1526 nuper
836 1481 999 1515 advectis
1026 1480 1154 1515 cotidie
1177 1480 1330 1524 „Logica
1348 1480 1471 1514 Fabri*
1491 1481 1503 1500 ⁴²
1530 1480 1590 1514 vel
1608 1478 1752 1522 Georgii
1775 1478 1880 1520 „Tra-

124 1536 298 1580 pezuntii‘
333 1536 368 1580 (†
396 1535 502 1578 1486)
530 1535 620 1569 liber
649 1534 720 1577 „De
745 1547 784 1568 re
810 1534 1016 1568 dialectica“
1047 1534 1290 1579 explicaretur
1306 1535 1328 1567 5.

242 1589 435 1623 Praeterea
461 1589 731 1633 exponebantur
755 1587 963 1622 Aristotelis
995 1587 1190 1632 „Physica“
1233 1588 1341 1631 atque
1377 1586 1536 1620 eiusdem
1573 1585 1655 1620 libri
1685 1585 1756 1626 „De
1783 1583 1881 1618 coelo

124 1644 160 1676 et
185 1642 349 1684 mundo'·‘,
391 1642 697 1686 „Metaphysices,
724 1641 932 1675 Ethicorum
947 1641 970 1682 ⁶,
1006 1640 1048 1674 de
1083 1640 1314 1684 generatione
1341 1641 1377 1673 et
1403 1639 1647 1684 corruptione,
1683 1638 1883 1672 Metheoro-

124 1695 323 1738 logicorum
352 1697 386 1729 et
412 1707 603 1740 parvorum
628 1694 882 1735 naturalium“,
907 1694 931 1729 i.
957 1706 985 1728 e.
1013 1693 1065 1728 De
1092 1693 1229 1734 anima,
1264 1693 1316 1727 De
1342 1705 1451 1727 sensu
1478 1695 1513 1726 et
1538 1694 1702 1732 sensato,
1734 1690 1786 1724 De
1812 1702 1883 1724 me-

126 1748 238 1782 moria
264 1750 301 1782 et
325 1748 602 1788 reminiscentia,
627 1748 680 1782 De
705 1759 827 1782 somno
854 1749 890 1781 et
915 1747 1061 1790 vigilia,
1087 1746 1140 1781 De
1166 1747 1324 1787 somniis,
1351 1747 1403 1780 De
1430 1745 1668 1786 divinatione,
1693 1745 1746 1779 De
1772 1742 1884 1788 longi-

124 1801 247 1835 tudine
274 1804 309 1835 et
335 1801 512 1835 brevitate
538 1801 645 1842 vitae,
671 1800 723 1835 De
749 1801 825 1835 vita
851 1803 887 1834 et
911 1803 1045 1841 morte,
1072 1800 1123 1834 De
1149 1800 1336 1834 iuventute
1363 1801 1399 1833 et
1425 1801 1621 1840 senectute,
1647 1798 1701 1832 De
1727 1797 1881 1842 respira-

125 1855 232 1896 tione,
259 1854 311 1888 De
338 1854 583 1888 commotionis
609 1854 815 1888 animalium
840 1865 950 1888 causa
976 1853 1079 1897 [liber
1105 1852 1337 1898 suppositus],
1364 1853 1417 1887 De
1444 1851 1651 1886 animalium
1677 1851 1830 1885 incessu.

246 1908 450 1942 Aristotelis
476 1919 583 1953 opera
607 1907 818 1951 legebantur
843 1919 913 1941 non
938 1918 1086 1951 graece,
1113 1907 1175 1940 sed
1201 1906 1312 1940 latine
1340 1917 1463 1947 versa,
1491 1907 1599 1949 atque
1625 1905 1661 1938 in
1688 1916 1754 1938 usu
1781 1904 1883 1938 erant

127 1962 310 1995 versiones
337 1973 357 1995 a
383 1961 542 2002 Boethio,
569 1961 700 1995 Ioanne
725 1960 950 2005 Argyropolo
979 1960 1014 2003 (†
1043 1960 1162 2001 1486),
1190 1959 1344 2002 Georgio
1371 1958 1608 2003 Trapezuntio
1635 1958 1764 1992 factae..

244 2014 447 2048 Notandum
473 2016 658 2059 praeterea
693 2026 713 2048 a
739 2013 922 2057 magistris
949 2013 1211 2047 coloniensibus
1238 2013 1366 2046 abhinc
1392 2024 1423 2046 a.
1453 2012 1542 2046 1470
1575 2011 1737 2056 proprios
1775 2010 1884 2044 libros

128 2067 382 2112 („Copulata“)
412 2067 525 2101 editos
552 2079 650 2109 esse,
683 2067 811 2111 quibus
836 2066 1061 2111 philosophia
1095 2066 1320 2107 tradebatur;
1356 2078 1390 2100 v.
1418 2077 1452 2109 g.
1479 2077 1510 2099 a.
1540 2065 1649 2100 1490:
1689 2063 1885 2108 „Copulata

246 2222 257 2243 ¹
284 2223 420 2255 Be'anco
446 2221 469 2255 1.
497 2232 526 2254 c.
553 2232 586 2265 p.
614 2220 810 2254 326—328.

245 2275 258 2295 ²
284 2275 434 2309 Bianco:
466 2273 707 2315 „Manciani“;
739 2273 801 2307 sed
828 2273 969 2307 omnino
996 2284 1122 2307 censeo
1149 2272 1339 2315 legendum
1366 2283 1464 2305 esse:
1505 2268 1766 2312 „Mancinelli“.
1816 2269 1884 2303 Hic

125 2328 310 2373 Pomponii
336 2327 439 2361 Laeti
464 2326 661 2371 discipulus
687 2326 757 2360 fuit
791 2338 832 2360 ac
862 2325 1064 2369 „Summam
1100 2325 1411 2365 declinationunff,
1451 2323 1655 2365 „Scribendi
1691 2322 1885 2366 orandique

124 2382 303 2421 modum“,
335 2381 535 2423 „Donatum
561 2379 777 2420 meliorem“‚
805 2379 876 2413 alia
902 2378 1125 2424 conscripsit,
1153 2390 1243 2422 quae
1269 2380 1354 2412 tunc
1381 2377 1502 2420 magni
1527 2377 1672 2411 fiebant.

244 2436 257 2454 ³
282 2434 334 2467 De
361 2433 416 2467 his
442 2433 524 2466 vide
550 2444 658 2477 supra
683 2445 716 2477 p.
740 2432 808 2467 558
821 2434 844 2467 ⁵.

243 2489 256 2507 ⁴
283 2487 433 2520 Ioannes
459 2486 574 2519 Faber
603 2486 664 2527 „de
691 2485 864 2519 VVerdea“
897 2485 1190 2519 commentarium
1217 2484 1252 2517 in
1273 2484 1420 2517 Petrum
1439 2483 1638 2528 Hispanum
1666 2481 1884 2526 composuit:

130 2540 357 2582 „Exercitaia
383 2550 576 2583 parvorum
601 2538 806 2582 logicalium
824 2539 1019 2573 secundum
1038 2539 1132 2572 viam
1151 2538 1419 2571 modernorum“
1445 2536 1675 2581 (Reutlingae
1695 2536 1796 2575 1487,
1817 2534 1883 2578 2⁰).

125 2594 274 2628 lacobus
301 2592 415 2626 Faber
441 2591 676 2636 Stapulensis‚
708 2592 830 2626 doctor
855 2591 1064 2637 parisiensis
1093 2593 1128 2631 (†
1157 2590 1275 2633 1536),
1303 2591 1520 2635 composuit:
1561 2589 1822 2633 „paraphrasin
1848 2587 1884 2621 in

124 2648 232 2681 libros
259 2645 413 2688 logices‘
443 2645 520 2679 sive
545 2645 580 2678 in
611 2645 817 2689 „Organow‘
847 2645 1055 2679 Aristotelis
1083 2644 1247 2688 (Parisiis
1276 2644 1386 2684 1525,
1421 2643 1479 2687 2⁰)
1515 2645 1551 2676 et
1581 2642 1884 2684 „Introductiones

125 2702 161 2734 in
188 2698 474 2744 Suppositioncs‚
509 2698 789 2732 Praedicabilia‘
820 2701 886 2732 etc.
917 2698 970 2742 (C.
999 2699 1146 2741 Prantl,
1182 2696 1397 2731 Geschichte
1433 2696 1495 2730 der
1521 2695 1635 2739 Logilz
1670 2696 1717 2728 im
1744 2695 1883 2729 Abend-

124 2754 229 2788 lande
256 2752 304 2786 lV
334 2750 493 2795 [Leipzig
522 2751 637 2795 187Ο],
665 2752 744 2786 203.
772 2752 869 2795 278).

243 2805 256 2823 ⁵
282 2806 383 2838 Anno
412 2805 501 2838 1559
526 2803 690 2847 Lugduni
715 2805 887 2848 vulgatus
914 2806 969 2838 est
996 2804 1160 2847 „Georgii
1179 2802 1408 2848 Trapezuntii
1437 2803 1478 2836 de
1505 2814 1542 2835 re
1570 2801 1758 2835 dialectica
1784 2801 1883 2842 liber,

124 2858 270 2894 scholiis
298 2857 438 2892 loannis
464 2856 636 2900 Neomagi
663 2860 698 2891 et
724 2857 988 2892 Bai-tholomaei
1006 2857 1144 2890 Latomi
1171 2856 1392 2890 illustratus“
1419 2855 1641 2898 (Hartzheim
1662 2854 1683 2888 l.
1704 2866 1732 2888 c.
1752 2866 1784 2899 p.
1807 2854 1882 2888 190.

125 2914 254 2946 Frantl
288 2911 310 2945 l.
347 2922 375 2945 c.
412 2922 444 2955 p.
484 2911 548 2944 169
562 2911 633 2953 ¹⁰¹).
684 2911 772 2945 Cum
811 2910 975 2944 Canisius
1011 2910 1176 2944 Coloniae
1212 2910 1378 2943 loannem
1414 2908 1635 2951 Neomagum
1670 2907 1882 2950 magistrum

123 2964 369 3011 philosophiae
388 2963 562 3004 habuerit,
587 2963 884 2997 verisimillimum
911 2966 966 2997 est
984 2975 1063 2996 eum
1082 2963 1189 2996 etiam
1208 2961 1404 2996 Dialectica
1423 2960 1651 3006 Trapezuntii
1670 2972 1773 2994 usum
1792 2972 1882 2994 esse.

245 3019 258 3038 ⁰
287 3017 526 3060 „Conceptus“
558 3017 641 3050 anni
669 3017 777 3051 1525:
805 3016 901 3050 Hora
926 3028 1018 3050 nona
1044 3028 1106 3060 pro
1133 3015 1295 3049 omnibus
1321 3014 1520 3059 gymnasiis
1546 3014 1743 3048 communis
1761 3013 1884 3048 schola

124 3072 287 3106 habenda
313 3072 369 3104 est
398 3070 453 3112 „in
479 3069 540 3103 der
565 3069 766 3103 sittclicher
791 3070 909 3103 Kunst
935 3069 990 3102 die
1015 3081 1097 3102 man
1125 3067 1250 3102 nomm
1283 3080 1325 3101 zu
1353 3067 1478 3101 Latein
1505 3067 1773 3112 Philosophiam
1812 3078 1882 3100 mo-

125 3124 255 3165 ralem,
293 3123 359 3156 wie
386 3122 463 3156 sicli
490 3121 630 3163 Hauss,
667 3121 789 3162 Stadt,
824 3122 923 3156 Land
950 3122 1019 3155 und
1048 3119 1165 3155 [niden
1201 3133 1243 3155 zu
1274 3122 1413 3164 regiren
1441 3118 1648 3163 gebilhx·et“.
1703 3119 1879 3161 „Ethicis“

126 3177 238 3220 igitur
255 3175 461 3210 Aristotelis
490 3176 585 3208 certe
613 3175 900 3218 adiungcbantur
927 3175 1084 3209 eiusdem
1107 3174 1313 3216 „l’oliticaffl
1342 3186 1382 3208 ac
1408 3174 1563 3208 fortasse
1594 3173 1883 3216 „Oecon01niea“.
