2113 3430
201 187 282 227 743*
670 181 826 214 Monum.
855 179 1095 223 (viennensia)
1124 180 1179 214 96.
1209 179 1327 223 (Anno
1355 181 1472 225 1554.)

197 299 325 332 tiarnm
360 298 471 331 fuisse
507 297 723 337 instructos;
758 296 865 330 immo
901 296 985 340 quid
1022 296 1089 330 sibi
1126 296 1261 331 vellent
1296 296 1542 341 indulgentiae
1577 301 1724 334 eatenus
1760 300 1956 344 ignorasse.

194 351 361 384 Nonnulli
389 351 512 390 etiam,
541 350 622 383 dum
650 349 738 383 haec
764 350 1059 394 praedicarentur
1085 361 1104 384 a
1130 349 1300 395 lacrymis
1327 361 1365 384 se
1391 352 1592 396 temperare
1617 353 1813 397 nequibant
1841 381 1847 388 .
1876 380 1882 388 .
1913 380 1919 387 .
1949 381 1956 387 .

197 404 238 437 Et
266 403 330 437 hnc
350 403 388 437 P.
410 403 542 437 Canisii
569 402 756 446 diligentia
783 403 916 437 factum
946 405 1010 443 est,
1039 404 1078 436 ut
1103 402 1209 447 longe
1235 403 1356 448 plures
1383 404 1589 448 germanici,
1616 416 1722 450 quam
1749 406 1838 440 alias
1861 406 1956 440 soliti

195 459 305 492 erant,
329 455 477 500 jubilaei
503 455 675 500 praedicti
703 455 859 500 gratiam
885 458 1183 500 promererentur,
1212 458 1247 491 et
1273 469 1317 491 ex
1345 456 1395 491 eis
1422 457 1599 502 copiosior
1616 457 1651 492 in
1670 458 1797 493 horrea
1815 458 1957 494 Domini

198 510 336 543 fructus
367 509 627 553 colligeretur.“

312 569 566 602 Fet-damnans
586 570 613 602 I.
634 568 710 612 ipse
728 567 763 601 in
786 567 937 610 „litteris
955 568 1194 603 fundationis“
1219 568 1361 613 collegii
1380 569 1580 614 pragensis,
1603 570 1742 614 Pragae
1764 572 1815 606 15.
1835 571 1957 605 Martii

195 622 283 655 1562
303 621 405 662 datis,
433 621 475 656 de
501 620 626 666 primis
652 621 750 655 hisce
777 621 917 665 collegii
944 621 1150 657 viennensis
1177 623 1281 657 annis
1304 622 1448 657 scribit:
1476 622 1520 657 Se
1543 623 1605 665 „de
1623 623 1749 658 Almae
1767 624 1957 659 Societatis

192 674 273 708 lesu
299 674 430 718 insigni
458 675 591 720 pietate
625 674 778 718 aliisque
813 674 1132 710 innumerabilibus
1168 676 1343 710 virtutum
1378 676 1536 718 meritis,
1571 688 1636 711 nec
1671 689 1740 711 non
1770 677 1894 712 sedula
1921 680 1957 712 et

192 727 460 772 incomparabili
487 739 608 762 eorum
635 728 669 762 in
696 727 917 762 instituenda
936 728 1127 763 Iuventute
1152 731 1227 763 tam
1245 729 1403 763 moribus
1422 729 1640 766 christianis.
1668 742 1774 775 quam
1793 731 1828 765 in
1855 731 1957 766 bonis

192 781 306 815 omnis
341 782 483 825 generis
520 781 635 815 literis
674 781 884 825 diligentia,
924 781 960 815 in
998 781 1243 826 habendisque
1282 783 1511 817 concionibus
1549 783 1593 817 ad
1630 784 1800 829 populum
1839 785 1956 829 ipsum

192 834 426 876 assiduitate,
468 834 661 868 multorum
704 834 773 868 fide
812 835 1000 878 dignorum
1042 835 1215 870 relatione
1258 838 1366 880 atque
1408 836 1664 881 experimentis
1707 837 1954 883 exemplisque

194 887 358 922 Caesarei
387 887 536 932 collegii
563 887 754 922 Societatis
780 888 959 933 ejusdem²
990 889 1150 923 Viennae
1180 889 1337 924 instituti
1367 890 1552 932 „edoctum
1579 891 1678 925 esse“
1698 892 1718 925 ¹.

1032 1014 1124 1055 96.

964 1101 1065 1139 Anno
1092 1102 1186 1139 1554.

311 1192 363 1224 De
390 1191 479 1224 libro
508 1192 541 1223 in
567 1193 724 1234 qratiam
752 1196 988 1235 aeyrotorzcm,
1018 1192 1162 1225 Cam'se'o
1190 1194 1330 1225 iuvante
1356 1197 1417 1225 (tuf
1443 1197 1597 1235 anctore,
1625 1193 1725 1226 edito.

310 1266 412 1299 Anno
442 1266 532 1300 1554
558 1266 718 1300 Viennae
745 1266 862 1300 editus
889 1269 944 1301 est
969 1266 1102 1301 libe1·‘-’:

314 1341 395 1383 ‚DE
423 1341 751 1377 CONSOLANDIS
782 1342 783 1352 ¹
810 1343 1060 1385 AEGROTIS,
1087 1344 1394 1378 PRAESERTIM
1421 1343 1501 1378 VBI
1528 1345 1588 1378 DE
1616 1345 1682 1379 VI·
1704 1346 1705 1354 ¹
1727 1345 1802 1379 TAE
1828 1344 1953 1380 PERI-

191 1394 313 1429 CVLO
350 1395 550 1436 AGITVR,
586 1396 635 1429 IN
672 1396 802 1430 VSVM
839 1396 1161 1432 SACERDOTVM
1192 1398 1193 1441 l
1224 1398 1283 1432 ET
1310 1397 1667 1440 MINISTRORVM‚
1704 1398 1785 1440 QVI
1813 1398 1954 1434 CIRCA

189 1448 378 1484 AEGROS
413 1449 523 1483 VER-
586 1452 713 1484 santur
747 1450 781 1484 in
818 1450 988 1495 hospitali
1023 1451 1135 1494 Regio
1167 1451 1304 1485 Vienne
1340 1451 1496 1486 Austriae
1558 1451 1728 1486 salutaris
1754 1452 1919 1486 formula.

191 1502 373 1546 [Sequitur
415 1502 531 1546 figura
569 1502 666 1546 ligno
704 1503 817 1537 incisa
856 1506 891 1538 et
930 1503 1194 1538 Samaritanum
1233 1505 1481 1549 evangelicum
1520 1507 1818 1550 repraesentans;
1861 1505 1954 1540 infra

191 1567 268 1590 eam
281 1555 302 1600 ε]
335 1556 467 1590 Curam
496 1557 593 1589 [llius
618 1557 715 1599 habe,
743 1562 772 1590 et
798 1558 1028 1601 quodcunque
1052 1560 1377 1601 supel·eroglaueri.s·,
1404 1569 1462 1601 eqo
1489 1558 1567 1592 edm
1628 1560 1779 1602 rediero,
1805 1560 1952 1593 reddam

192 1610 265 1643 tibi.
316 1610 425 1643 Luca»
454 1611 525 1643 10.“
545 1610 557 1629 3
604 1610 643 1643 In
669 1610 801 1654 pagina
828 1609 943 1644 altera
969 1610 1043 1645 solii
1070 1610 1299 1655 paenultimi:
1339 1610 1437 1654 „mut
1465 1611 1567 1646 fflbm.
1593 1610 1706 1654 stssi'm.
1734 1611 1838 1656 {Dian
1866 1611 1954 1656 gnab

192 1662 258 1697 nno
285 1661 512 1706 ffiriuilegiexx.
544 1702 545 1706 Ἰ
577 1661 761 1705 (Sebrudfbt
788 1672 828 1706 311
855 1663 979 1699 {mmm
1012 1663 1048 1698 in
1076 1663 1257 1707 Diterreid)
1288 1664 1289 1708 j
1321 1663 1416 1707 hurd)
1443 1663 1591 1707 {JJiiffyaet
1618 1664 1854 1707 Rimmetman
1884 1664 1886 1709 l
1917 1664 1954 1700 in

190 1715 234 1751 ΕΞ.
262 1715 365 1750 Ἡιῐηα
402 1715 481 1760 ἔροῖ.
558 1715 606 1750 im
642 1714 716 1757 Sui:
780 1717 902 1751 1554.¹¹
955 1718 1000 1751 40
1031 1717 1135 1757 min.;
1172 1718 1206 1751 ff.
1233 1718 1280 1752 40
1314 1729 1383 1751 non
1419 1718 1572 1761 signata.
1624 1718 1661 1752 F.
1697 1718 1795 1753 An:
1836 1718 1954 1760 „Petri

191 1769 323 1803 Canisii
343 1768 473 1803 Sacrae
492 1768 708 1813 Theologiae
723 1769 889 1804 Doctoris
908 1770 952 1804 ad
968 1770 1210 1805 Christianum
1229 1771 1400 1805 lectorem
1420 1771 1462 1805 de
1480 1771 1548 1806 hac
1566 1771 1719 1805 formula
1737 1771 1932 1816 praefati&
1946 1785 1953 1812 ;

189 1822 245 1856 cui
271 1834 336 1856 nec
362 1822 461 1856 locus
485 1823 666 1867 ascriptus
692 1825 748 1857 est
772 1835 838 1857 nec
856 1826 1010 1869 tempus.
1054 1824 1219 1858 Canisius
1238 1824 1471 1858 vehementer
1497 1824 1732 1866 commendat,
1758 1826 1799 1858 ut
1816 1825 1954 1868 aegroti

189 1878 296 1919 atque
331 1875 506 1920 imprimis
543 1888 664 1910 eorum
701 1876 840 1910 animae
877 1877 1068 1919 diligenter
1103 1880 1283 1912 curentur.
1334 1878 1433 1923 Opus
1466 1889 1485 1912 a
1518 1877 1695 1912 Michaele
1720 1877 1953 1922 Khiifringer,

188 1928 441 1963 valetudinarii
467 1930 784 1974 super-intendente
805 1930 1152 1975 („Superintendent
1173 1931 1234 1965 des
1252 1931 1525 1976 Neuhofspitals
1552 1932 1614 1965 der
1640 1931 1687 1965 hl.
1706 1931 1952 1975 Barmherzig-

188 1981 262 2016 keit
298 1994 341 2016 zu
376 1982 546 2026 lVien“),
581 1983 736 2017 Martino
772 1983 950 2025 Gusman,
988 1984 1200 2018 Ferdinandi
1233 1985 1258 2019 I.
1295 1984 1513 2019 cubiculario
1548 1987 1687 2019 secreto
1723 1986 1759 2018 et
1794 1984 1951 2019 eiusdem

188 2035 440 2070 valetudinarii
459 2036 753 2077 administratori,
780 2036 983 2071 dedicatum
1002 2039 1058 2071 est
1079 2038 1118 2081 (f.
1136 2037 1259 2072 AIIII.
1277 2037 1412 2081 FIIII).
1452 2038 1688 2083 Praecipuam
1714 2037 1794 2072 libri
1812 2039 1951 2083 partem

187 2100 370 2123 sermones
395 2089 524 2124 breves
550 2101 592 2123 ac
617 2101 724 2134 saepe
750 2090 837 2135 ipsis
864 2102 988 2124 sacrae
1007 2090 1212 2136 Scripturae
1234 2091 1356 2125 verbis
1382 2092 1545 2136 concepti
1563 2091 1796 2133 constituunt,
1823 2091 1950 2135 quibus

188 2142 327 2186 aegroti
352 2153 491 2177 summa
517 2143 698 2177 doctrinae
725 2143 942 2177 christianae
968 2144 1087 2188 capita
1111 2144 1326 2178 edoceantur
1351 2146 1388 2179 et
1413 2145 1457 2179 ad
1483 2145 1693 2190 patientiam
1719 2155 1761 2179 ac
1778 2144 1950 2189 pietatem

188 2195 446 2237 instituantur,
484 2196 579 2240 iique
614 2207 796 2231 sermones
834 2199 910 2230 tum
945 2197 1056 2231 latine
1094 2200 1360 2243 proponuntur,
1398 2200 1474 2232 tum
1509 2198 1630 2232 italice
1665 2199 1700 2231 et
1734 2197 1948 2240 germanice.

188 2247 323 2289 Quibus
350 2249 550 2294 complures
577 2249 880 2284 considerationes
907 2252 942 2284 et
967 2262 1093 2295 preces
1119 2262 1160 2285 ac
1186 2251 1322 2294 figurae
1348 2250 1446 2295 ligno
1472 2250 1606 2285 incisae
1627 2251 1669 2285 19
1688 2250 1830 2284 additae
1853 2252 1946 2285 sunt.

186 2301 340 2336 Michael
378 2302 510 2336 Denis⁴
550 2305 585 2336 et
621 2303 797 2337 Antonius
833 2303 985 2348 Mayer⁵
1020 2306 1167 2338 censent
1203 2304 1385 2339 Canisium
1420 2306 1535 2338 totum
1572 2315 1660 2348 opus
1694 2303 1946 2348 composuisse.

186 2354 290 2389 Certe
316 2357 497 2389 auctorem
524 2355 600 2400 ipse
627 2356 779 2390 multum
806 2356 944 2391 adiuvit
956 2357 979 2391 ὃ.

306 2512 315 2532 ¹
342 2511 513 2545 Bac-holt:
539 2510 560 2545 l.
589 2522 617 2545 c.
646 2511 705 2552 IX,
733 2511 812 2546 669.

303 2564 316 2584 2
341 2564 558 2598 Accuratius
593 2564 636 2598 ab
672 2566 804 2598 editore
838 2565 1040 2609 descriptus
1076 2567 1129 2599 cst
1165 2565 1199 2599 in
1230 2564 1455 2607 „Zeitschrift
1490 2565 1547 2599 fur
1582 2564 1808 2600 katholische
1834 2564 1947 2599 Theo-

184 2616 295 2661 logie“
329 2618 382 2651 14.
410 2617 535 2661 Jahrg.
567 2616 785 2660 (Innsbruck
814 2618 920 2661 1890)
949 2630 982 2663 p.
1012 2618 1208 2652 727—729.

303 2671 316 2690 ⁸
345 2670 404 2712 „R
443 2670 614 2705 Nicolaus
652 2671 820 2716 Lanoyus
857 2671 1077 2715 singularem
1115 2671 1333 2706 infirmorum
1371 2672 1406 2706 in
1448 2672 1617 2717 hospitali
1660 2671 1946 2706 decumbentium

185 2734 305 2757 curam
331 2723 523 2767 gerebaff:
551 2725 728 2758 Polcwcns
753 2724 775 2758 l.
804 2736 832 2758 c.
859 2724 903 2766 ΙΙ,
931 2725 1009 2758 575.

303 2779 313 2796 ⁴
346 2776 426 2817 ,Ich
453 2777 593 2811 zweifle
619 2777 740 2819 nicht,
767 2777 850 2811 dass
877 2777 974 2811 diese
1000 2789 1113 2820 ganze
1139 2778 1265 2812 Arbeit
1291 2789 1355 2812 aus
1382 2778 1444 2812 dor
1469 2778 1582 2812 Feder
1608 2778 1670 2813 des
1697 2777 1947 2820 ehi-wtirdigen

186 2828 349 2863 Canisius
376 2830 554 2873 gcflossen
580 2830 628 2864 ist
655 2858 660 2864 .
690 2858 697 2865 .
726 2858 732 2864 .
784 2830 841 2864 Sie
868 2830 930 2864 hat
956 2830 1211 2865 Aehnlichkeit
1236 2831 1301 2865 mit
1327 2831 1394 2865 dcn
1421 2833 1541 2865 ersten
1567 2831 1859 2874 Betrachtungen
1885 2830 1948 2864 der

186 2881 302 2923 geistl.
332 2881 539 2916 Exci-cizien
575 2882 636 2917 des
671 2882 704 2917 h.
734 2883 895 2927 ignatius
928 2883 970 2917 de
996 2882 1150 2928 Loyola“
1185 2883 1326 2927 (W'iens
1353 2883 1800 2928 Bnehdruckergescliicht
1825 2883 1946 2928 [XVien

190 2934 291 2976 1782]
319 2946 350 2978 p.
375 2935 591 2978 5164517).

306 2987 317 3005 ³
347 2987 468 3020 Wiens
495 2988 962 3032 Buchdruckergeschichte
988 2989 1004 3022 I
1033 2988 1156 3033 (NVicn
1184 2988 1302 3033 1883),
1331 2990 1480 3024 70—71.

306 3038 317 3057 ⁰
344 3039 382 3071 ln
410 3040 706 3085 bibliographiam
731 3041 920 3076 Societatis
947 3042 1026 3076 Iesu
1054 3041 1119 3076 hoc
1146 3053 1235 3087 opus
1262 3043 1403 3077 demum
1430 3045 1613 3088 receptum
1639 3044 1693 3076 est
1719 3053 1782 3086 per
1799 3041 1838 3075 P.
1862 3042 1943 3075 Car.

190 3090 440 3132 Sommert’offstl
468 3091 487 3125 l.
517 3105 544 3126 ι’.
573 3093 615 3133 II,
644 3094 722 3127 618.
