2113 3430
189 159 273 199 574
531 153 608 187 183.
646 152 812 186 Canisius
838 152 973 193 Hundt,
1000 151 1086 193 Eck,
1113 163 1133 185 a
1160 151 1354 194 Raindorff,
1382 151 1620 187 Schweicker.

189 277 321 326 atque
361 271 519 314 iterum
561 284 735 312 causam
777 269 907 312 vicini
950 268 1151 323 collegijl
1195 269 1317 311 uobis
1362 270 1681 320 commendem,
1731 284 1826 311 cum
1872 283 1957 310 non

187 339 383 391 ignorem
416 349 534 385 sane,
569 335 719 388 quanti
752 335 929 385 referat,
963 335 1098 376 bonos
1129 347 1393 388 praeparare
1426 335 1659 389 operarios,
1693 335 1765 388 qui
1797 334 1882 377 cito
1915 333 1958 375 in

189 416 374 444 messem
407 400 663 442 dominicam
703 400 1015 448 extrudantur,
1059 401 1104 441 et
1136 399 1382 453 exemplum
1414 414 1675 454 proponere,
1716 400 1829 453 quod
1863 399 1960 452 alijs

189 467 446 510 imitandum
477 466 699 515 uideatur,
733 468 778 507 et
810 464 961 507 uicinis
994 463 1221 518 Episcopis
1253 478 1405 506 ansam
1437 465 1668 518 praebere,
1707 467 1756 507 vt
1787 464 1961 506 scholae

189 532 287 574 huic
320 532 511 581 faueant,
547 533 591 573 et
620 530 767 573 multis
799 529 1090 572 calumniandi
1110 530 1240 571 finem
1272 529 1506 583 imponere,
1539 532 1588 572 vt
1611 529 1811 572 desinant
1836 529 1960 571 Prin-

191 598 274 653 cipi
307 596 600 639 obtrectare.2
633 598 715 638 etc.

311 662 553 704 Secundum
588 664 718 715 caput
751 663 818 703 est
851 660 902 702 de
934 660 1110 714 templo,
1146 659 1266 701 cuius
1288 662 1337 702 ut
1360 658 1462 709 dixi,
1497 673 1576 701 vsu
1609 673 1756 702 carere
1787 659 1960 714 proprio

192 742 278 770 non
308 730 455 782 potest
477 741 561 768 non
585 740 679 768 esse
711 725 873 768 nostris
899 739 1048 779 graue,
1084 727 1128 767 et
1150 724 1247 778 alijs
1280 723 1614 779 dispendiosum.
1659 724 1964 779 Respondetur

192 796 361 843 autem,
395 791 546 846 templi
578 791 679 833 noui
710 793 977 833 structuram
1009 804 1059 832 eo
1092 792 1306 844 spectare,
1339 792 1388 832 ut
1418 789 1724 844 praeiuditium
1755 789 1853 831 hinc
1887 789 1963 831 ad-

193 860 362 901 feratur
402 857 618 912 parochijs
651 860 695 899 et
727 855 1004 910 monasterijs
1039 855 1252 905 ciuitatis,
1298 869 1377 896 nos
1417 854 1619 896 meditari
1651 869 1809 896 nouam
1841 855 1963 908 quasi

194 923 510 979 parrochialem
548 921 797 972 ecclesiam,
846 921 882 963 si
922 923 1197 963 sacramenta
1239 933 1408 974 quoque
1453 920 1652 962 conferre
1694 919 1961 974 incipiamus.

196 990 278 1031 Hic
309 989 494 1043 primum
527 988 682 1029 uellem
717 986 825 1029 satis
858 1000 953 1028 esse
986 985 1204 1039 cognitam
1237 985 1426 1028 instituti
1458 985 1596 1027 nostri
1626 985 1859 1035 rationem,
1901 984 1963 1027 ita

196 1057 417 1097 constaret
457 1052 628 1103 statim,
671 1066 750 1094 nos
783 1065 878 1094 esse
913 1052 1063 1106 procul
1097 1051 1151 1093 ab
1185 1051 1266 1093 hac
1298 1050 1537 1101 sententia,
1580 1050 1703 1104 quasi
1736 1049 1964 1104 parochias

197 1122 273 1162 aut
305 1117 570 1160 monasteria
602 1117 725 1159 nobis
757 1130 927 1159 sumere
959 1116 1202 1170 cupiamus,
1246 1130 1342 1157 cum
1375 1118 1494 1157 certe
1524 1129 1604 1157 nec
1636 1118 1853 1169 pastores,
1888 1128 1966 1157 nec

196 1184 430 1226 monachos
472 1197 654 1236 usquam
687 1196 891 1235 agamus,
934 1182 1015 1224 hac
1047 1181 1330 1223 sacerdotalis
1371 1181 1490 1223 uitae
1530 1180 1834 1235 simplicitate²
1866 1194 1967 1222 con-

196 1249 320 1300 tenti,
355 1249 469 1291 sicut
500 1248 695 1290 Canones
727 1247 964 1302 postulant.
1027 1246 1166 1289 Multo
1198 1246 1338 1288 minus
1370 1246 1608 1288 timendum
1642 1247 1721 1296 est,
1757 1259 1810 1287 ne
1843 1259 1968 1300 prae-

198 1314 395 1357 iuditium
430 1313 526 1367 alijs
557 1313 721 1366 templo
762 1314 910 1354 nostro
943 1311 1176 1362 faciamus,
1221 1326 1316 1353 cum
1348 1311 1451 1353 nihil
1485 1311 1625 1363 magis
1657 1310 1895 1353 habeamus
1926 1309 1968 1351 in

198 1380 327 1430 votis,
362 1393 492 1433 quam
515 1378 705 1420 diuinum
738 1377 901 1419 cultum
924 1376 966 1418 in
993 1376 1189 1418 omnibus
1221 1376 1395 1430 templis
1428 1390 1687 1418 conseruare
1719 1378 1764 1418 et
1795 1389 1969 1429 augere,

199 1445 422 1498 nostrique
454 1443 606 1497 templi
637 1446 858 1486 structura
889 1442 1058 1484 faceret
1089 1442 1239 1493 credo,
1282 1446 1331 1484 vt
1362 1441 1522 1483 habitis
1553 1439 1665 1482 illicb
1702 1440 1972 1484 contionibus

200 1510 383 1565 populus
416 1509 470 1551 ad
503 1509 589 1550 alia
621 1508 785 1562 templa
818 1507 1138 1561 frequentanda
1169 1506 1308 1560 magis
1332 1521 1382 1548 ac
1404 1506 1544 1559 magis
1568 1506 1901 1548 extimularetur
1923 1519 1972 1548 ac

201 1576 481 1618 animaretur.
512 1574 678 1616 Deinde
696 1588 791 1615 cum
810 1573 861 1614 de
879 1572 1164 1615 sacramentis
1183 1572 1483 1627 dispensandis
1500 1572 1664 1625 loquor,
1683 1574 1855 1614 tantum
1874 1571 1970 1613 duo.

203 1640 487 1683 confessionis
520 1639 686 1681 scilicet
718 1652 793 1680 seu
824 1637 1119 1692 poenitentiae
1152 1640 1197 1680 et
1229 1636 1539 1679 communionis
1563 1651 1726 1688 sacrae,
1760 1636 1970 1689 intelligo,

203 1720 312 1760 quae
334 1709 483 1748 tamen
506 1718 644 1758 neque
666 1704 761 1758 ipsa
783 1717 916 1758 penes
937 1705 1110 1745 nostros
1134 1717 1229 1744 esse
1252 1702 1460 1757 cupimus,
1493 1701 1575 1744 nisi
1608 1702 1741 1744 saluis
1764 1702 1972 1743 ecclesiae

202 1770 463 1827 parochialis
480 1770 656 1820 iuribus,
677 1782 787 1822 quae
805 1768 957 1810 uolunt
974 1768 1105 1811 certis
1123 1767 1272 1810 diebus
1289 1768 1493 1822 populum
1512 1767 1667 1809 offerre
1683 1768 1712 1818 3,
1732 1766 1925 1808 confiteri
1942 1768 1971 1809 4.

324 1910 337 1922 ³·
361 1903 561 1948 simplicate
588 1909 726 1947 carroffi:

322 1956 337 1976 b
362 1959 471 1991 Prius
496 1959 667 2001 seriptum
696 1962 793 1991 erat:
820 1956 892 1990 illis
903 1969 916 1999 ,·
945 1957 1113 1990 Caluisius
1139 1958 1212 1999 ipse
1239 1957 1276 1988 id
1301 1956 1497 1989 correxisse
1521 1955 1668 1988 ridetur.

329 2078 339 2097 ¹
365 2077 439 2110 Aut
465 2076 705 2119 Georgianum
741 2075 940 2119 significat,
977 2077 1039 2109 aut
1076 2074 1185 2118 (quod
1220 2073 1307 2108 mihi
1342 2073 1458 2116 magis
1493 2071 1680 2117 probatur)
1718 2082 1851 2105 novum
1886 2070 1971 2105 illud

208 2131 450 2171 seminarium,
477 2129 519 2163 de
546 2141 615 2173 quo
641 2140 749 2174 supra
775 2140 808 2173 p.
836 2128 1035 2162 570—571.

327 2185 339 2203 ²
364 2183 540 2217 Dicebant
566 2194 646 2216 eum
673 2183 842 2216 decumas
868 2183 904 2216 in
929 2182 1080 2227 profana
1106 2180 1341 2226 impendisse,
1373 2178 1588 2213 Lutheranis
1613 2177 1762 2212 nimium
1788 2176 1974 2220 indulgere

211 2240 246 2271 ct
271 2236 413 2271 similia.

330 2290 342 2310 ³
368 2289 445 2324 Hae
471 2289 701 2334 pecuniarum
730 2288 788 2322 vel
813 2300 931 2322 rerum
968 2287 1186 2322 naturalium
1225 2286 1459 2329 ⁷,oblationes“
1499 2285 1592 2319 inter
1617 2284 1763 2318 missam
1790 2283 1974 2317 faciendae

210 2354 477 2387 nonnumquam
511 2354 574 2387 pro
601 2341 759 2376 decumis
785 2341 998 2385 quibusdam
1031 2340 1273 2380 habebantur;
1309 2341 1343 2373 et
1370 2350 1455 2372 sane
1482 2337 1556 2371 fieri
1592 2339 1751 2382 poterat,
1788 2339 1826 2370 ut
1853 2347 1975 2369 earum

211 2396 455 2431 faciendarum
482 2407 606 2429 verum
643 2397 803 2429 exstaret
838 2394 1014 2435 debitum,
1051 2405 1095 2427 ex
1127 2394 1294 2427 diuturna
1330 2391 1601 2431 consuetudine,
1637 2390 1862 2423 sacerdotum
1897 2400 1975 2431 ege-

211 2453 305 2484 state
324 2452 391 2483 etc.
411 2451 645 2483 contractum.
678 2447 840 2489 „Statuta
860 2447 1066 2492 synodali&
1089 2445 1351 2480 ratisbonensia
1370 2457 1461 2479 anno
1482 2444 1571 2478 1512
1596 2443 1692 2477 edita
1710 2443 1798 2476 haec
1824 2442 1976 2476 habent:

218 2504 276 2545 ‚ln
294 2502 497 2548 praecipuis
515 2501 788 2542 festivitatibus,
807 2513 870 2546 per
888 2500 971 2535 anni
990 2500 1161 2534 circulum
1182 2498 1459 2539 occurrentibus,
1479 2497 1522 2531 ad
1537 2497 1734 2531 oblationes
1749 2498 1784 2530 et
1798 2495 1978 2529 offertoria

212 2568 335 2590 omnes
353 2558 389 2589 et
413 2555 575 2599 singulos
601 2557 743 2588 nostros
770 2554 932 2588 subditos
958 2554 993 2587 in
1020 2553 1095 2587 suis
1121 2551 1391 2586 Parocliialibus
1416 2550 1597 2591 Ecclesiis,
1625 2548 1877 2583 Sacerdotibus
1903 2548 1979 2582 suis

213 2610 354 2644 (juratis
377 2609 483 2653 juxta
510 2608 804 2642 consuetudinem
832 2607 1025 2641 earundem
1043 2605 1285 2640 Ecclesiarum
1312 2605 1427 2639 teneri
1454 2603 1704 2649 praesentibus
1730 2602 1974 2636 declaramus*

213 2664 295 2704 (Ios.
324 2663 531 2696 Ilm-tzlwe'm
561 2661 593 2695 S.
622 2661 675 2702 J.,
703 2660 862 2694 Cone-ilia
889 2659 1102 2694 Germaniae
1130 2658 1178 2692 VI
1205 2658 1387 2701 [Coloniae
1416 2656 1532 2701 1765]‚
1559 2656 1633 2699 92).
1680 2655 1846 2689 Albertus
1873 2654 1916 2688 V.
1943 2654 1977 2687 in

216 2716 426 2757 „statutis“‚
463 2727 554 2759 quae
591 2715 646 2749 29.
680 2713 888 2748 Decembris
927 2713 1015 2747 1556
1052 2711 1283 2746 universitati
1318 2710 1590 2754 ingolstadiensi
1627 2709 1743 2748 dedit,
1779 2708 1845 2741 hoc
1879 2718 1978 2751 prae-

211 2769 375 2813 scripsit:
408 2768 629 2810 „Statuimus
656 2768 764 2801 etiam
791 2769 826 2801 et
852 2765 1102 2811 praecipimus,
1128 2768 1167 2799 ut
1194 2776 1316 2798 omnes
1343 2764 1522 2807 digniores
1548 2763 1654 2796 huius
1673 2761 1782 2795 studii
1807 2770 1978 2805 personae

213 2823 376 2855 doctores
412 2820 586 2855 licentiati
612 2819 778 2862 magistri
805 2831 846 2853 ac
872 2818 1009 2853 nobiles
1036 2818 1141 2852 statis
1179 2818 1302 2851 diebus
1328 2817 1432 2850 festis
1458 2815 1615 2849 maxime
1641 2813 1858 2848 solemnibus
1885 2811 1978 2845 obla-

214 2875 329 2908 tiones
356 2886 440 2908 suas
467 2874 567 2907 iuxta
603 2875 854 2907 sacrosanctae
891 2872 1064 2906 ccclesiae
1101 2870 1375 2905 constitutiones
1412 2869 1456 2903 ad
1488 2868 1601 2902 altare
1627 2867 1794 2910 religiose
1829 2866 1979 2899 offerant

214 2939 257 2959 ne
284 2928 472 2971 quisquam
501 2939 548 2961 sc.
577 2927 612 2960 in
639 2928 832 2970 conspectu
859 2925 915 2959 dei
942 2936 1078 2959 vacuus
1105 2927 1296 2969 appareat,
1324 2923 1359 2956 in
1385 2924 1648 2966 contemptores
1674 2930 1785 2964 poena
1813 2918 1855 2952 16
1882 2929 1979 2951 num-

215 2992 352 3013 morum
380 2980 684 3014 animmlversuri‘
721 2980 866 3021 (In-cmxl
891 2978 913 3012 l.
941 2990 970 3012 ο.
999 2978 1041 3019 ll,
1069 2976 1286 3019 218—219).

335 3035 345 3052 '¹
374 3034 568 3067 Concilium
600 3033 826 3066 lateranense
853 3034 1019 3075 quartum
1049 3031 1141 3075 (cap.
1170 3029 1230 3072 21)
1260 3029 1383 3063 fideles
1414 3028 1562 3070 „saltem
1588 3025 1697 3060 semel
1724 3024 1759 3058 in
1785 3036 1876 3057 anno
1904 3036 1978 3068 pro-

217 3085 291 3128 prio
318 3086 512 3119 sacerdoti*
555 3088 702 3130 peccata
739 3085 898 3119 confiteri
926 3084 1042 3117 iussit.
1094 3084 1145 3117 Ac
1178 3082 1329 3127 „proprii
1356 3081 1571 3115 sacerdoti&
1612 3078 1750 3111 nomine
1787 3077 1979 3121 parocllum

220 3140 377 3171 notatum
419 3150 496 3172 csse
528 3151 648 3180 ⁷,nemo
676 3139 782 3172 audet
811 3138 978 3171 infit-iai'i“
1014 3137 1238 3179 (Benedictus
1264 3136 1364 3168 XIV.
1402 3134 1453 3167 De
1479 3131 1613 3177 synodo
1640 3131 1848 3164 dioecesana
1875 3130 1896 3163 l.
1927 3130 1978 3170 11,
