2113 3430
545 187 701 222 Monuni.
729 186 968 231 (viennensi-a)
997 186 1052 219 99.
1082 186 1152 229 (14.
1180 186 1337 230 Augusti
1366 188 1483 223 1544.)
1802 190 1885 231 753

128 306 345 344 orthodoxa
375 305 493 343 semel
524 306 722 350 defecere,
751 304 791 342 in
820 303 1016 342 erroribus
1045 306 1085 340 et
1113 303 1244 349 sectis,
1275 304 1413 352 quibus
1443 318 1484 342 se
1515 305 1767 351 addixerunt,
1799 319 1886 344 con-

126 365 346 402 firmentur:
386 364 527 413 partim
558 368 619 409 vt,
660 363 722 413 qui
759 363 968 401 etiamnum
996 362 1037 399 in
1065 361 1271 399 tutissimis
1304 363 1503 400 Ecclesiae
1533 364 1605 401 Dei
1635 365 1775 402 castris
1804 378 1886 414 per-

127 424 288 469 durant,
327 423 417 460 hinc
456 423 628 469 seducti,
667 423 881 460 factionum
919 421 1099 470 discipuli
1138 424 1176 458 et
1214 420 1429 469 Religionis
1468 426 1627 460 nostrae
1661 423 1886 461 Catholicae

128 483 347 520 desertores
376 483 482 519 fiant.
540 483 648 520 Inter
676 483 748 519 hos
777 484 908 518 autem
935 479 1089 518 libellos
1129 492 1290 528 quorum
1327 479 1466 527 ingens
1504 481 1644 529 vbique
1673 485 1886 530 prouentus

128 545 209 587 est,
247 553 324 578 non
362 554 500 589 parum
536 541 677 578 virium
715 540 764 578 ad
792 539 1034 587 Religionem
1074 538 1322 576 euertendam
1362 538 1507 575 habent
1543 539 1776 578 Catechismi
1814 541 1887 588 (sic

129 599 230 637 enim
250 600 464 649 appellant)
485 600 549 648 qui
570 612 687 648 saepe
715 602 796 636 tum
816 598 1035 643 breuitatis,
1065 601 1146 635 tum
1166 599 1371 635 verborum
1395 597 1591 645 elegantia
1602 603 1627 643 ²²,
1658 604 1697 636 et
1716 600 1887 637 methodi

128 658 259 709 specie
280 658 549 704 commendati,
580 658 736 706 egregie
756 658 909 703 fallunt,
939 660 978 695 et
995 656 1214 706 imperitam
1233 656 1352 701 illam,
1382 656 1626 705 nobilemque
1646 657 1886 696 iuuentutem

126 717 306 755 veritatis
337 717 567 766 synceritati
595 720 728 754 natam
757 716 932 765 grauiter
959 716 1104 753 vitiant
1132 718 1247 764 atque
1277 718 1537 764 corrumpunt.
1586 716 1686 753 Dum
1716 717 1817 754 6111111
1838 731 1887 754 ex

128 777 291 815 istorum
319 777 537 814 libellorum
564 775 755 821 lectione,
784 788 977 812 venenum
1005 775 1092 824 ipsa
1122 774 1324 812 dulcedine
1352 774 1547 819 blandum,
1579 774 1819 823 simplicibus
1849 781 1887 813 et

127 836 296 873 incautis
327 836 553 873 sumendum
580 836 810 883 praebetur,
843 834 1068 883 priusquam
1096 833 1135 871 id
1165 833 1358 878 sentiant,
1398 846 1530 871 eorum
1560 834 1677 871 animi
1707 834 1819 871 nouis
1850 840 1885 871 et

127 895 327 944 pestiferis
367 894 635 944 opinionibus,
678 906 773 942 quas
813 893 980 930 euellere
1017 896 1156 942 postea
1193 893 1245 930 sit
1284 891 1573 938 difficillimum,
1613 893 1886 941 deprauantur.

129 955 240 992 Vnde
269 954 323 999 fit,
354 958 397 991 vt
427 967 472 991 eo
502 952 702 990 doctrinae
732 952 923 989 fermento
953 952 1072 989 semel
1100 951 1253 997 infecti,
1286 951 1510 989 Catholicae
1538 951 1627 989 fidei
1658 955 1696 989 et
1725 955 1888 990 sanctae

128 1013 264 1051 matris
293 1013 494 1051 Ecclesiae
523 1012 706 1060 dogmata
736 1014 774 1048 et
802 1011 985 1048 instituta
1014 1011 1238 1048 veneranda
1266 1010 1490 1058 negligant,
1524 1010 1741 1056 fastidiant,
1772 1016 1888 1060 atque

128 1085 404 1121 nonnunquam
434 1072 551 1109 etiam
579 1083 649 1120 per
678 1073 939 1119 contemptum
968 1073 1204 1119 oppugnent.
1262 1068 1346 1113 Qua
1384 1069 1536 1118 quidem
1565 1069 1605 1107 in
1633 1083 1695 1115 re,
1736 1070 1769 1107 si
1798 1070 1887 1119 quid

129 1132 325 1181 consilijs,
365 1131 544 1176 monitis,
583 1130 701 1167 iussis
741 1133 780 1167 et
807 1129 956 1166 Edictis
994 1129 1160 1177 publicis
1199 1129 1306 1176 Rege
1335 1128 1557 1166 Christiano
1594 1129 1721 1177 dignis
1750 1130 1887 1178 profici

128 1191 266 1240 potuit,
297 1190 378 1228 Nos
407 1191 594 1240 profecto,
626 1202 713 1226 cum
733 1189 781 1226 ad
810 1188 889 1225 ista
917 1187 1131 1237 impietatis
1152 1187 1280 1224 studia
1306 1187 1561 1236 profliganda,
1590 1192 1671 1226 tum
1691 1188 1739 1226 ad
1761 1201 1888 1226 sacro-

130 1253 291 1287 sanctae
320 1248 535 1297 Religionis
564 1252 724 1286 nostrae
755 1247 979 1286 Catholicae
1017 1246 1102 1284 iura
1140 1246 1366 1291 retinenda,
1406 1247 1533 1284 officio
1570 1251 1703 1285 nostro
1732 1247 1888 1286 minime

129 1309 331 1346 defuimus.
380 1309 566 1345 Attamen
587 1310 793 1355 grassatur
821 1306 946 1343 indies
966 1305 1093 1353 magis
1114 1318 1159 1342 ac
1180 1305 1304 1354 magis
1326 1306 1424 1343 haec
1454 1306 1568 1343 foeda
1595 1307 1691 1352 lues,
1722 1307 1888 1356 nouique

129 1367 292 1406 subinde
322 1380 367 1405 ac
397 1367 510 1405 nouis
538 1366 731 1404 illecebris
760 1365 896 1403 infecti
916 1365 1108 1414 prodeunt
1129 1364 1381 1402 Catechismi:
1413 1368 1661 1414 sparguntur,
1693 1366 1886 1414 leguntur,

128 1431 398 1476 proponuntur
422 1427 463 1464 in
484 1426 638 1469 scholis,
668 1425 816 1463 maiore
838 1438 934 1462 33116
953 1424 1140 1474 periculo,
1171 1437 1284 1472 quam
1305 1424 1501 1473 simplices
1531 1425 1653 1473 pueri,
1684 1428 1722 1462 et
1743 1425 1888 1463 creduli

127 1486 408 1535 improuidique
438 1486 719 1530 adolescentes,
750 1483 994 1533 imperitique
1024 1483 1212 1528 homines,
1244 1486 1283 1520 et
1310 1483 1483 1532 plerique
1507 1497 1640 1520 omnes
1668 1484 1887 1522 istiusmodi

127 1548 403 1594 praeceptores
433 1544 579 1582 sentire
609 1547 677 1581 aut
704 1543 877 1581 iudicare
906 1546 1060 1591 queant.
1118 1542 1227 1588 Quod
1264 1542 1385 1590 igitur
1422 1542 1461 1579 in
1496 1543 1608 1591 graui
1637 1545 1768 1581 morbo
1796 1544 1887 1581 boni

128 1604 290 1649 Medici,
323 1603 363 1640 in
393 1608 531 1641 exorta
559 1606 793 1652 tempestate
813 1602 879 1639 fidi
907 1601 1082 1640 naucleri
1111 1601 1274 1647 faciunt,
1304 1614 1327 1638 a
1356 1601 1467 1638 nobis
1497 1602 1665 1639 alienum
1693 1615 1770 1639 non
1800 1615 1888 1640 esse

129 1663 452 1708 existimauimus,
482 1666 526 1700 vt
553 1662 886 1712 praesentissima,
917 1661 1105 1710 nobisque
1135 1663 1183 1698 ob
1214 1661 1348 1698 oculos
1377 1660 1507 1710 posita
1536 1664 1651 1710 atque
1679 1666 1887 1711 prospecta

127 1723 243 1770 longe
272 1721 507 1770 grauissima
527 1721 712 1771 pericula,
743 1721 895 1759 ratione
916 1721 1080 1769 quadam
1102 1723 1169 1757 aut
1190 1720 1428 1769 depellamus
1450 1720 1617 1766 omnino,
1649 1724 1716 1758 aut
1736 1721 1887 1767 saltem,

128 1781 252 1830 quoad
281 1781 415 1818 DEVS
445 1784 643 1830 potentem
673 1793 828 1817 manum
859 1793 969 1817 suam
998 1779 1226 1825 admouerit,
1255 1779 1488 1827 mitigemus.

247 1840 504 1886 Quamobrem
524 1844 677 1877 matura
695 1852 812 1889 super
831 1839 892 1876 his
913 1838 1192 1876 deliberatione
1207 1837 1354 1883 habita,
1375 1837 1554 1875 fidelibus
1568 1838 1680 1876 nobis
1701 1838 1887 1877 subiectis

128 1899 281 1948 populis
303 1899 596 1937 saluberrimum
617 1900 701 1937 fore
723 1899 914 1943 duximus,
936 1898 969 1935 si
988 1898 1029 1935 in
1048 1900 1160 1934 tanta
1176 1897 1399 1945 dogmatum
1420 1900 1458 1934 et
1479 1901 1674 1934 sectarum
1693 1898 1887 1936 varietate

129 1958 414 1997 Catechisticae
435 1958 634 1996 doctrinae
663 1958 814 2001 librum,
845 1957 909 2006 qui
931 1957 1183 1995 Orthodoxus
1204 1956 1267 2001 sit,
1298 1956 1490 1994 conscribi
1512 1955 1625 1993 simul
1652 1960 1691 1994 et
1710 1957 1886 1995 fidelibus

128 2017 275 2055 nostris
304 2017 457 2066 populis
487 2017 674 2066 euulgari,
708 2017 1042 2065 commendarique

130 2089 364 2114 curaremus.
412 2076 580 2114 Proinde
611 2077 658 2114 ad
680 2076 900 2113 huiusmodi
920 2076 988 2113 Ca·
1078 2074 1227 2123 [1560]
1255 2074 1369 2111 vnice
1399 2087 1633 2112 curaremus
1687 2074 1748 2111 Ad
1787 2076 1887 2124 quod

129 2136 315 2173 tholicum
344 2149 440 2186 opus
464 2136 796 2181 conscribendum,
827 2149 904 2172 non
925 2135 988 2171 du·
1026 2133 1267 2171 Catholicum
1297 2146 1393 2182 opus
1423 2133 1756 2179 conscribendum,
1786 2134 1888 2172 inter

131 2194 215 2232 biae
238 2194 327 2232 fidei
353 2198 392 2232 et
415 2194 614 2232 doctrinae
637 2194 742 2232 viros
763 2194 989 2242 delegimus,
1025 2193 1124 2230 alios
1144 2205 1222 2229 11011
1242 2192 1381 2229 dubiae
1401 2191 1490 2229 fidei
1511 2196 1550 2229 et
1564 2192 1764 2230 doctrinae
1780 2193 1886 2231 viros

129 2253 466 2303 conscriptumque
497 2266 627 2291 eorum
1025 2251 1316 2295 Honorabilem,
1336 2250 1574 2299 religiosum,
1599 2251 1790 2297 deuotum,
1821 2265 1886 2290 no-

1025 2310 1084 2348 bis
1121 2310 1302 2347 dilectum
1331 2309 1489 2347 Petrum
1519 2309 1716 2348 Canisium
1749 2323 1886 2349 sacrae

1006 2406 1007 2424 Χ
1027 2369 1262 2417 Theologiae
1277 2369 1485 2406 Doctorem
1501 2368 1726 2417 delegimus,
1747 2372 1786 2407 et
1801 2382 1885 2407 cum

1006 2426 1007 2461 ἶ
1026 2430 1074 2465 31)
1087 2441 1131 2465 60
1143 2428 1283 2465 fuisset
1292 2427 1565 2477 conscriptum,
1579 2427 1742 2464 aliorum
1755 2428 1884 2469 etiam,

129 2502 225 2538 quos
245 2502 321 2526 non
342 2489 466 2526 solum
487 2493 765 2527 sacrosanctae
787 2488 1023 2536 Theologiae
1045 2487 1221 2531 scientia,
1243 2500 1377 2524 verum
1399 2487 1516 2524 etiam
1537 2487 1641 2524 vitae
1661 2486 1883 2524 innocentia

130 2552 169 2585 et
196 2547 423 2596 integritate
452 2547 679 2597 perspicuos
710 2560 796 2585 esse
827 2550 1001 2592 constat,
1031 2545 1172 2583 iudicio
1203 2548 1242 2583 et
1272 2558 1460 2583 censurae
1490 2545 1769 2583 subiecimus':
1813 2560 1885 2595 quo

130 2607 318 2644 certiores
347 2619 541 2652 essemus,
580 2619 628 2644 ne
658 2606 896 2644 authoritate
925 2609 1062 2644 nostra
1090 2605 1128 2642 in
1158 2605 1283 2642 lucem
1312 2605 1515 2653 quicquam
1554 2604 1746 2653 prodiret,
1785 2605 1884 2653 quod

130 2665 391 2713 Euangelicae
421 2665 620 2703 doctrinae
649 2669 688 2703 et
717 2669 879 2703 sanctae
900 2664 1124 2702 Catholicae
1145 2663 1348 2701 Ecclesiae
1368 2664 1446 2701 vllo
1466 2663 1579 2700 modo
1600 2663 1884 2701 aduersaretur.

196 2725 455 2773 Posteaquam
478 2724 598 2772 igitur
617 2725 706 2761 DEI
729 2724 839 2762 OPT.
861 2723 986 2760 MAX.
1077 2722 1228 2770 [1:360]
1251 2722 1511 2771 Posteaquam
1531 2735 1623 2759 vero
1644 2722 1718 2759 Dei
1740 2722 1884 2771 Optimi

131 2783 257 2832 gratia
272 2783 348 2820 iam
364 2786 686 2821 commemoratus
706 2783 805 2820 liber
824 2783 879 2819 ita
901 2795 986 2819 con-
1025 2781 1185 2819 Maximi
1200 2781 1327 2829 gratia
1342 2783 1486 2818 factum
1502 2784 1573 2826 est,
1594 2784 1637 2818 vt
1658 2793 1886 2818 commemo-

131 2842 312 2891 scriptus,
351 2854 566 2890 magnoque
605 2842 889 2890 Theologorum
918 2842 986 2879 Ca·
1024 2844 1133 2878 ratus
1161 2841 1260 2877 liber
1288 2853 1428 2888 magno
1458 2839 1597 2888 vbique
1621 2839 1820 2877 doctorum
1847 2844 1886 2878 et

129 2901 361 2939 tholicorum
401 2914 593 2939 consensu
631 2901 868 2950 approbatus
900 2900 985 2944 fuit,
1024 2898 1682 2948 procerumquoqueCatholicorum
1695 2899 1885 2948 applausu

249 3042 261 3055 ²¹
285 3034 484 3078 elegantiae
511 3035 562 3068 ed.
583 3036 727 3077 221·1'nae·.‚·
753 3033 933 3077 elegantia
959 3035 1010 3068 ed.
1038 3035 1098 3067 col.
1127 3045 1159 3067 a.
1191 3037 1290 3067 1566.

253 3170 262 3188 ¹
290 3168 328 3201 ln
355 3167 467 3212 prima
494 3166 560 3200 hac
586 3166 738 3200 editione
757 3177 821 3200 nec
840 3165 972 3199 Canisii
991 3176 1055 3199 nec
1075 3164 1263 3199 Societatis
1284 3165 1362 3198 lesu
1381 3164 1525 3199 disertis
1544 3164 1663 3199 verbis
1681 3165 1721 3199 fit
1738 3165 1883 3199 mentio.

201 3232 507 3262 Braunsberger,
527 3231 636 3256 Canisii
656 3230 811 3261 Epistulae
832 3233 861 3254 et
881 3231 964 3255 Acta.
990 3231 1013 3254 Ι.
1564 3225 1607 3257 48
