2113 3430
183 180 265 220 744
638 175 795 209 Monuni.
824 174 1066 219 (viennensia)
1096 175 1151 210 92.
1181 175 1229 218 (1.
1256 175 1342 210 Maii
1371 176 1489 220 1553.)

297 297 394 332 Quae
422 289 622 324 Gotfridius
647 289 759 324 refert
784 290 827 324 de
861 290 1012 325 muliere
1046 291 1108 325 illa
1143 292 1187 326 ad
1223 291 1416 326 sanitatem
1449 293 1579 328 mentis
1615 296 1650 329 et
1685 295 1842 340 corporis
1880 306 1944 340 per

179 344 361 379 Canisium
379 344 558 384 revocata,
587 342 722 384 eadem,
750 344 818 377 etsi
837 343 917 378 aliis
936 344 1067 385 verbis,
1091 346 1284 379 narrantur
1302 356 1322 379 a
1341 346 1444 379 Petro
1464 347 1630 381 Schore‘ch
1651 347 1684 382 S.
1705 348 1738 382 J.
1758 348 1793 382 in
1812 348 1943 383 litteris

179 396 499 441 quadrimestribus
525 395 668 440 collegii
703 396 930 437 viennensis,
965 397 1021 431 29.
1049 397 1206 441 Augusti
1235 398 1325 432 1552
1361 398 1472 440 datis,
1510 410 1601 443 quae
1636 401 1765 446 partim
1801 401 1944 445 quidem

176 450 274 495 typis
300 449 504 494 exscriptae
529 451 614 483 sunt
639 461 660 483 a
678 450 853 483 Saechirm
879 449 982 493 (Can.
1008 463 1041 495 p.
1060 450 1215 494 66—»6S)
1236 452 1256 492 ¹,
1284 451 1446 495 integrae
1473 454 1592 487 autem
1619 456 1765 489 exstant
1791 455 1826 488 in
1850 455 1943 497 „Lit-

177 506 262 537 teris
287 502 630 547 quadrimestribns“
650 502 675 544 Ι,
697 503 894 537 729—735.
930 503 986 537 Ex
1012 503 1141 548 quibus
1167 504 1255 538 haec
1273 506 1412 538 tantum
1433 516 1605 550 excerpo:
1633 506 1799 542 Canisius
1823 508 1944 542 audita

176 556 338 591 mulieris
365 556 588 590 confessione
614 556 701 597 1100,
727 558 870 601 praeter
896 556 987 597 alia,
1024 557 1152 597 effecit,
1185 559 1245 599 „vt
1270 557 1392 592 domo“
1422 558 1483 592 illa
1513 560 1615 603 „post
1638 571 1769 594 nonum
1801 561 1945 605 quidem

177 621 336 644 mensem
363 609 487 644 statim
513 609 558 644 ad
583 609 756 654 templum
784 611 946 644 nostrum
973 611 1221 654 egrederetur,
1247 611 1368 655 ibique
1393 611 1621 647 sanctissimo
1648 612 1780 649 Christi
1807 615 1946 660 corpori

177 663 456 698 communicaret
484 690 492 697 .
520 690 527 697 .
556 691 562 697 .
613 663 723 697 Venit
757 663 828 697 iam
843 668 856 682 ²¹
879 663 1072 707 diligenter
1105 664 1151 698 ad
1186 664 1373 698 conciones
1399 664 1520 699 Patris
1547 665 1680 711 Oanisij
1718 667 1846 702 mulier
1884 667 1944 702 illa

177 728 248 751 vna
274 728 355 751 cum
381 716 522 757 Marito,
550 718 586 750 et
612 716 740 757 Matre,
767 728 859 761 quae
886 717 1051 751 confessa
1077 728 1218 762 quoque
1245 719 1300 752 est
1326 717 1440 752 eidem
1466 717 1566 752 Patri
1594 718 1756 762 Canisio,
1792 723 1827 755 et
1853 732 1946 755 com-

177 770 375 805 municauit
400 769 435 803 in
464 769 627 804 Ecclesia
653 771 796 811 nostra;
824 770 1098 814 elegantemque
1124 783 1273 816 puerum
1300 772 1403 805 offert
1428 772 1594 806 societati
1619 772 1743 815 filium,
1768 774 1805 807 ni
1830 774 1946 809 fallor.

179 835 295 865 suum,
323 823 407 858 licet
433 823 539 868 paulo
565 823 749 865 iuniorem,
776 835 884 868 quam
911 824 971 867 qui
998 825 1112 868 possit
1130 824 1308 859 admitti“.
1342 824 1382 858 In
1400 824 1527 859 iisdem
1546 825 1679 860 litteris
1699 827 1948 861 Schoriehius:

185 877 245 919 ,R
273 877 472 916 Canisius“,
498 877 634 921 inquit,
666 876 804 922 „pergit
829 888 967 911 summo
993 889 1073 911 cum
1100 877 1273 923 applauso
1301 877 1397 922 [sn-L
1434 881 1470 912 et
1495 878 1572 924 pari
1599 890 1679 913 cum
1704 879 1862 914 utilitate
1888 881 1946 915 do-

178 942 259 965 cere
294 942 337 965 ac
372 930 553 975 explicare
588 930 805 964 christianae
841 930 1023 965 doctrinae
1058 931 1266 965 methodum
1300 931 1399 965 illam
1435 943 1541 976 quam
1577 932 1834 968 Serenissimus
1868 933 1947 968 Rex

178 984 316 1029 pridem
342 995 363 1018 a
388 983 521 1018 nostris
547 983 713 1028 petierat.
749 984 855 1018 Faxit
876 983 1050 1018 Dominus
1077 985 1186 1019 Jesus
1213 984 1378 1019 Christus
1404 988 1444 1019 ut
1469 985 1584 1030 possit
1610 986 1661 1020 ita
1688 987 1724 1019 et
1748 986 1947 1031 provehere

179 1041 216 1072 et
241 1037 285 1071 ad
310 1037 416 1071 finem
444 1037 589 1071 tandem
617 1037 812 1082 perducere
838 1037 1119 1082 pulcherrimum
1146 1038 1213 1072 hoc
1239 1040 1274 1072 et
1310 1039 1567 1073 restaurandae
1602 1039 1636 1073 in
1665 1039 1857 1074 Germania
1884 1039 1947 1074 Ca-

178 1090 333 1125 tholicae
352 1090 530 1134 Religioni
558 1090 752 1135 plurimum
779 1091 977 1136 adjumenti
996 1091 1189 1125 allaturum
1208 1103 1307 1136 opus,
1334 1092 1380 1126 ad
1397 1091 1539 1126 laudem
1558 1092 1777 1127 sanctissimi
1794 1093 1948 1127 nominis

178 1144 244 1178 sui.
279 1144 406 1178 Amen.
457 1143 564 1178 Redit
588 1144 701 1187 igitur
726 1144 865 1178 fructus
891 1144 936 1178 ad
962 1145 1142 1179 studiosos
1167 1157 1237 1179 non
1272 1145 1425 1189 exiguus
1461 1157 1506 1179 ex
1540 1145 1752 1180 lectionibus
1779 1145 1947 1187 Patrum;

179 1197 241 1232 sed
267 1209 337 1232 non
363 1197 443 1231 inde
469 1197 604 1239 solun1;
640 1209 723 1232 nam
749 1199 785 1231 et
811 1198 1039 1232 concionibus
1066 1198 1282 1242 germanicis
1308 1198 1348 1233 P.
1377 1198 1530 1238 Canisii,
1569 1199 1612 1233 ad
1640 1210 1730 1243 quas
1757 1198 1811 1234 illi
1847 1211 1946 1244 prae-

179 1251 282 1296 cipue
308 1251 469 1292 veniunt,
494 1263 565 1285 non
591 1262 716 1296 parum
740 1250 926 1296 juvantur.
975 1251 1054 1285 Non
1082 1251 1175 1285 enim
1202 1263 1242 1286 ea
1268 1254 1421 1292 tantum,
1461 1263 1551 1296 quae
1578 1253 1622 1286 ad
1648 1264 1785 1287 morum
1812 1263 1947 1287 correc-

178 1305 311 1340 tionem
337 1305 537 1349 pertinent,
573 1304 778 1338 vehementi
803 1305 933 1349 spiritu
958 1304 1007 1338 ibi
1033 1307 1153 1339 monet
1179 1305 1306 1347 Pater,
1342 1317 1467 1339 verum
1504 1306 1631 1347 etiam,
1669 1317 1760 1350 quae
1797 1306 1841 1340 ad
1868 1317 1947 1340 con-

179 1358 349 1392 futandas
384 1358 553 1392 haereses
588 1358 745 1399 faciunt,
782 1358 997 1401 gravissime
1031 1360 1176 1393 tractat.
1206 1386 1213 1393 .
1243 1387 1250 1392 .
1280 1387 1286 1392 .
1338 1359 1391 1392 Ex
1428 1359 1598 1393 studiosis
1625 1370 1732 1404 saepe
1758 1359 1948 1394 habuimus

180 1411 326 1455 aliquot,
354 1411 414 1455 qui
441 1411 535 1445 domi
562 1415 707 1445 nostrae
733 1414 770 1446 et
795 1412 1052 1446 confiterentur
1079 1414 1113 1446 et
1140 1413 1462 1453 connnunicarent;
1494 1412 1602 1446 immo
1629 1413 1737 1447 etiam
1765 1424 1809 1446 ex
1835 1413 1948 1457 primo

178 1466 422 1510 professorum
449 1465 583 1499 ordine.
618 1465 750 1510 Nuper,
777 1465 813 1499 in
839 1465 933 1500 festo
952 1465 993 1500 D.
1014 1465 1176 1509 Virginis
1202 1468 1410 1511 assumptae
1437 1466 1480 1500 ad
1507 1466 1636 1508 coelos,
1664 1466 1791 1500 habuit
1816 1465 1855 1500 P.
1885 1465 1948 1500 Ca-

178 1518 292 1553 nisius
318 1530 472 1553 messem
499 1518 690 1552 mulierum
717 1518 977 1553 Germanarum
1003 1519 1109 1553 valde
1137 1519 1333 1564 copiosam,
1371 1531 1415 1553 ex
1451 1520 1580 1563 quibus
1607 1521 1686 1554 octo
1713 1519 1875 1560 circiter,
1914 1521 1948 1553 et

179 1572 273 1606 inter
299 1583 361 1606 eas
387 1571 524 1616 aliquot
549 1571 697 1613 nobiles,
724 1572 910 1606 nobiscum
936 1572 972 1606 in
994 1572 1129 1617 templo
1146 1575 1268 1607 nostro
1287 1573 1536 1607 sanctissimae
1555 1572 1806 1607 Eucharistiae
1825 1572 1949 1607 Sacra-

179 1628 340 1660 mentum
366 1636 506 1660 summa
533 1637 614 1660 cum
641 1625 830 1660 devotione
856 1627 1102 1671 receperunt*

1012 1742 1104 1784 92.

539 1832 760 1872 Martinus
791 1832 1042 1874 Gotfridius
1072 1832 1432 1885 (Stevordianus)
1465 1832 1508 1873 S.
1537 1833 1579 1873 J.

870 1915 1010 1955 Sociis
1040 1915 1256 1955 romanis.

852 2002 992 2038 Vienna
1019 2002 1042 2038 l.
1069 2002 1153 2038 Maii
1179 2002 1273 2039 1553.

298 2085 353 2119 Ex
388 2085 613 2130 apographo,
652 2086 718 2120 sub
754 2097 785 2120 a.
814 2085 906 2119 1884
940 2097 960 2120 a
988 2086 1027 2120 Ρ.
1055 2088 1084 2120 Ι.
1110 2087 1201 2129 Etty.
1228 2088 1270 2120 de
1295 2088 1438 2121 Uriarte
1465 2085 1499 2120 S.
1527 2087 1559 2121 J.
1587 2086 1766 2130 descripto
1794 2098 1838 2119 ex
1865 2097 1947 2131 apo-

181 2138 317 2183 grapho
344 2138 503 2173 eiusdem
531 2139 722 2183 temporis,
758 2139 851 2183 quod
888 2144 942 2173 est
968 2139 1004 2172 111
1035 2139 1164 2181 „Varia
1191 2139 1370 2174 Historia“
1402 2140 1437 2181 I,
1474 2139 1554 2173 314.
1604 2139 1693 2174 Tota
1721 2138 1877 2184 epistula
1912 2138 1948 2172 in

182 2193 352 2235 „Litteris
378 2191 719 2236 quadrimestribees“
747 2192 799 2230 ΙΙ,
835 2191 1018 2226 248—251
1049 2193 1145 2226 edita
1171 2195 1227 2227 est
1253 2205 1297 2227 ex
1325 2193 1547 2237 autographo
1586 2192 1694 2236 (quod
1720 2195 1840 2226 tamen
1867 2203 1948 2226 cum

182 2245 387 2290 apographo
414 2245 474 2279 illo
506 2257 568 2288 „ne
595 2257 665 2279 uno
693 2245 837 2290 quidem
862 2245 992 2280 verbo“
1022 2246 1227 2291 discrepare
1259 2245 1513 2287 „Littera1·um“
1545 2246 1659 2280 editor
1685 2244 1869 2288 testatur).

301 2323 455 2355 Viennae
481 2333 501 2354 α
531 2322 568 2355 Ρ.
596 2323 752 2355 Victoria
782 2323 890 2355 Italos
921 2323 1141 2356 contionibus
1176 2327 1205 2356 et
1241 2323 1472 2355 catechesibus
1510 2322 1642 2365 excoli,
1681 2322 1864 2354 Canis-im»
1900 2322 1948 2354 acl

187 2375 383 2408 Germanos
409 2387 425 2407 e
449 2380 609 2418 auqqestn
637 2375 762 2408 dicere.
815 2376 922 2409 Hunc
947 2377 1039 2418 ‘reglis
1064 2377 1236 2409 mandate(
1265 2377 1450 2409 Ans-triam
1485 2376 1688 2417 infimiorem
1726 2385 1946 2418 pt’rayrasse.

302 2489 308 2496 .
341 2490 347 2496 .
378 2490 384 2496 .
415 2459 474 2495 De
505 2458 753 2496 contionibus
782 2458 854 2496 PP.
884 2462 1106 2496 nostrorum
1135 2470 1238 2496 nunc
1269 2457 1414 2506 aliquid
1443 2456 1664 2494 summatim
1694 2455 1819 2494 dicam
1851 2487 1858 2494 .

183 2516 367 2554 Putarem
396 2530 474 2555 non
504 2518 692 2555 offensum
722 2517 769 2554 iri
799 2517 889 2555 hinc
919 2518 965 2556 V.
989 2518 1031 2556 P.
1061 2517 1171 2567 quasi
1202 2520 1338 2555 contra
1367 2529 1505 2554 recens
1534 2516 1760 2553 mandatura
1790 2515 1835 2553 de
1866 2517 1947 2552 bre-

182 2575 305 2613 vitate
334 2576 552 2614 litterarum
582 2577 875 2614 scribendarum
906 2577 1149 2614 observanda
1179 2575 1323 2625 aliquid
1343 2575 1607 2613 admitterem:
1639 2574 1707 2612 sed
1737 2577 1821 2612 esto
1852 2574 1947 2612 duos

182 2638 333 2672 tantum
363 2636 597 2682 habeamus,
638 2649 797 2685 quorum
827 2637 927 2673 alter
958 2636 1185 2681 Germanis,
1225 2635 1325 2673 alter
1353 2634 1466 2672 Italis
1503 2634 1637 2672 diebus
1668 2632 1871 2672 dominicis
1901 2645 1947 2670 ac

183 2694 296 2731 festis
336 2695 582 2732 contionetur
620 2695 713 2741 (non
753 2695 853 2732 enim
892 2698 1048 2744 praeter
1077 2695 1117 2733 P.
1148 2694 1347 2733 Oanisium
1379 2698 1438 2731 est
1468 2693 1671 2742 quisquam
1701 2692 1947 2730 sacerdotum

185 2753 248 2801 qui
277 2753 449 2801 linguam
479 2757 591 2791 sonet
620 2754 793 2803 perfecte
823 2754 1098 2802 germanicam,
1132 2766 1256 2803 neque
1285 2756 1442 2802 praeter
1471 2766 1588 2790 111111111
1618 2765 1715 2802 opus
1745 2755 1804 2789 est
1835 2750 1947 2788 Italis

304 2888 316 2901 ³
341 2883 395 2915 Ila
422 2884 509 2916 Litt.
536 2883 690 2926 qnadr.;
716 2883 862 2916 Sia-ela:
888 2882 1008 2925 igitur.

187 3005 364 3045 portare&
397 3004 455 3037 alii
483 3004 647 3048 gallinas,
674 3004 915 3038 confectiones
941 3006 978 3038 et
1003 3003 1205 3048 hujusmodi
1232 3003 1440 3036 afferentes“
1470 3001 1650 3046 repulsam
1676 3000 1855 3035 tulerunt:
1883 3000 1947 3033 Ρο-

189 3057 312 3087 lam-us
342 3056 378 3089 11.
407 3068 434 3090 C.
463 3057 505 3097 ll,
533 3058 630 3100 578).

310 3110 318 3128 ¹
346 3108 541 3143 Sacchinus
567 3112 601 3143 ct
629 3109 805 3144 Socherus
831 3109 1084 3150 subdubitant,
1119 3120 1163 3142 au
1191 3108 1389 3142 &otfridius
1425 3110 1459 3141 et
1486 3105 1713 3141 Schorichius
1748 3104 1789 3138 de
1824 3104 1948 3138 eadem

189 3159 336 3193 muliere
362 3161 539 3202 scribam
567 3163 731 3206 equidem
758 3162 921 3196 dubitare
948 3174 1016 3196 11011
1044 3173 1199 3206 possum.
