2178 3430
294 228 395 256 XXII
777 211 822 245 Π.
857 209 1083 245 Prooemium
1109 210 1277 254 generale
1303 212 1414 247 totius
1440 212 1568 258 operis.

295 328 458 367 Carolus
486 328 692 375 Augustus
721 327 851 373 Hase,
891 326 994 364 inter
1035 327 1292 376 „polemicos“
1334 331 1601 377 protestantes
1640 332 1801 367 nostrae
1839 331 1981 370 aetatis
2019 331 2060 370 in

295 386 505 425 Germania.
546 385 662 423 facile
702 385 886 436 princeps
904 389 924 424 ¹.
989 385 1158 424 Ioannes
1196 387 1370 424 Janssen
1408 387 1607 426 Canisium
1644 388 1748 426 inter
1786 389 2061 429 celeberrimos

296 451 334 484 et
363 445 627 483 validissimos
657 445 936 483 reformatores
966 448 1166 491 numerat,
1205 458 1301 494 quos
1340 446 1509 484 ecclesia
1539 447 1734 486 catholica
1769 449 1926 487 saeculo
1956 450 2060 489 XVI.

293 505 474 542 habuerit
487 506 511 542 ².
567 503 647 541 Alii
677 504 821 542 Sancto
850 504 1051 542 Bonifatio
1092 517 1178 542 eum
1209 507 1515 554 comparavere³
1551 506 1615 544 vel
1649 506 1689 544 in
1717 520 1877 546 numero
1907 512 2060 558 aposto-

292 565 417 601 lorum
448 563 683 602 Germaniae
711 576 920 613 reposuere
935 566 958 602 ⁴.

416 697 425 717 ¹
455 698 548 731 Hase
567 697 749 732 Canisium
775 697 893 731 virum
912 697 1025 731 fuisse
1044 697 1141 739 dicit,
1168 697 1228 741 qui
1251 697 1466 742 „prudenter
1484 699 1521 731 et
1537 698 1708 743 impigre‘
1730 698 1958 740 laboraverit,
1986 699 2061 744 qui-

292 761 372 794 que,
404 752 589 792 „vertraut
613 751 679 784 mit
705 751 773 785 den
800 750 1088 785 Kirchenvatern
1114 750 1181 784 wie
1207 751 1272 784 mit
1299 751 1379 785 dem
1402 750 1488 785 Sinn
1513 751 1586 785 und
1613 751 1824 787 Bedurfniss
1850 753 1912 787 des
1935 753 2062 795 Volks‚

292 803 329 837 in
355 802 467 844 Koln,
495 803 644 846 Baiern,
672 804 851 843 Bohmen‚
879 795 1046 838 Ostreich
1072 803 1142 837 und
1170 803 1308 838 iiber-all
1334 815 1388 838 wo
1414 804 1513 838 seine
1539 804 1672 838 Kirehe
1698 805 1850 840 bedroht
1874 818 1968 848 war,
2004 806 2062 841 ein

291 855 419 900 langes
446 857 564 891 Leben
590 857 703 891 durch
728 869 796 891 nur
821 857 955 891 diesem
981 856 1085 891 einen
1112 856 1309 891 Gedanken
1335 857 1458 901 gelebt
1482 857 1565 898 hat,
1600 858 1738 892 mittels
1764 859 1861 893 einer
1887 859 2062 894 frommen

292 909 545 944 katholischen
573 909 770 944 Glaubens-
797 910 869 944 und
894 909 1225 953 Lebens-Ordnung
1252 910 1317 944 den
1345 910 1669 945 Protestantismus
1695 911 2057 957 zuriickzudrangen‘

297 962 684 1006 (Kirchengeschichte
710 962 780 1007 [11.
808 963 914 1003 Aufi.‚
940 963 1088 1008 Leipzig
1116 963 1220 1007 1886]
1249 975 1281 1008 p.
1308 963 1408 1006 479).

412 1016 425 1037 ‘-‘
452 1016 670 1051 Geschiehte
696 1017 760 1051 des
786 1016 985 1051 deutschen
1010 1016 1147 1051 Volkes
1174 1017 1223 1050 IV
1245 1016 1316 1060 (13.
1336 1017 1441 1057 Aufl„
1469 1016 1643 1061 Freiburg
1660 1017 1682 1052 i.
1702 1017 1760 1052 Br.
1782 1018 1901 1062 1890),
1927 1031 1960 1064 p.
1980 1019 2061 1054 390.

296 1069 349 1103 of.
377 1070 487 1104 etiam
513 1071 555 1104 L.
582 1071 724 1114 Pastor,
751 1069 935 1104 Johannes
961 1070 1117 1104 Janssen
1147 1070 1337 1114 (Freiburg
1362 1070 1385 1104 i.
1411 1071 1470 1104 ΒΓ.
1500 1069 1606 1114 1892)
1635 1082 1668 1116 p.
1698 1071 1776 1105 122.

413 1124 426 1143 ³
450 1123 506 1157 Ita
532 1123 636 1158 fortis
660 1123 722 1158 ille
747 1123 830 1157 fidei
856 1123 1057 1164 confessor,
1095 1125 1328 1157 Hei-mannus·
1362 1125 1403 1157 de
1428 1125 1571 1168 Via-(cri,
1607 1123 1898 1170 archiepiscopus
1932 1125 2060 1160 fribur-

292 1176 434 1220 gensis,
468 1177 644 1221 Friburgo
679 1176 891 1221 Brisgoviae
925 1177 980 1211 25.
1017 1176 1138 1211 Martii
1177 1177 1267 1211 1859
1299 1176 1362 1211 Pio
1389 1176 1449 1211 IX.
1485 1177 1649 1222 scripsit:
1689 1177 1803 1220 „Vere
1838 1177 1907 1212 dici
1942 1181 2063 1223 potest

292 1229 423 1264 Petrus
450 1229 635 1271 Canisius,
671 1229 731 1274 qui
767 1230 803 1264 in
836 1229 964 1264 mediis
1000 1229 1188 1264 haeresum
1223 1229 1389 1275 procellis
1415 1230 1625 1274 religionem
1652 1232 1688 1264 et
1712 1242 1837 1265 sanam
1863 1231 2061 1266 doctrinam

291 1282 536 1317 labescentem
554 1284 591 1317 in
610 1283 802 1318 Germania
820 1283 1008 1325 stabilivit,
1027 1283 1158 1327 dignus
1173 1283 1206 1318 S.
1224 1283 1409 1325 Bonifacii,
1429 1283 1688 1318 Germanorum
1706 1284 1879 1329 Apostoli,
1898 1285 2063 1320 aemulus

297 1338 334 1370 et
359 1348 490 1378 comes,
515 1337 693 1381 siquidem
718 1337 848 1371 bonam
873 1336 1133 1382 plantationem
1154 1337 1302 1382 jamjam
1329 1336 1527 1382 perituram
1553 1336 1596 1371 ab
1614 1337 1762 1372 interitu
1780 1337 1963 1372 vindicare
1981 1350 2062 1372 eon·

291 1390 420 1424 similis
454 1390 534 1425 laus
569 1393 643 1432 est,
679 1402 787 1435 quam
822 1390 983 1425 eamdem
1018 1390 1171 1435 primum
1197 1390 1418 1424 instituisse*
1452 1389 1578 1434 (Sacra
1605 1391 1675 1426 Rit.
1704 1390 1832 1435 Congr.
1859 1390 2060 1427 Lausanen.

290 1444 393 1478 Beat.
429 1446 465 1477 et
492 1444 577 1478 Can.
604 1444 693 1479 Ven.
721 1443 824 1478 Servi
849 1443 915 1478 Dei
941 1443 1041 1478 Petri
1068 1443 1213 1478 Canisii.
1259 1445 1390 1477 Possm
1423 1455 1530 1487 snper
1565 1445 1750 1478 miraculis
1776 1444 1923 1488 [Romae
1952 1444 2058 1489 1860]

292 1497 472 1532 Summar.
500 1497 609 1531 addit.
637 1509 670 1542 p.
701 1497 821 1541 1-2).
873 1497 1045 1531 Similiter
1071 1499 1224 1531 Ioannes·
1249 1498 1413 1540 Baptista
1439 1498 1626 1540 Heinrich,
1651 1497 1854 1542 theologiae
1880 1499 2062 1543 professor

291 1552 329 1584 et
355 1550 527 1585 ecclesiae
554 1550 771 1585 cathedralis
797 1550 1030 1594 moguntinae
1057 1551 1234 1591 decanus;
1261 1561 1306 1584 ex
1330 1550 1431 1584 cuius
1449 1550 1628 1584 sententia
1650 1551 1705 1592 ⁷,in
1722 1550 1915 1586 Wahrheit
1932 1551 2063 1586 naohst

292 1604 372 1638 dem
399 1603 481 1638 heil.
509 1603 718 1638 Bonifacius
742 1603 827 1638 kein
852 1603 1003 1638 Mensch
1033 1615 1072 1638 so
1108 1603 1192 1638 sehr
1227 1603 1282 1637 die
1310 1602 1579 1643 Dankbarkeit‚
1614 1603 1830 1647 Verehrung
1856 1605 1927 1638 und
1954 1605 2063 1639 Liebe

292 1657 356 1691 des
381 1656 632 1691 katholischen
650 1657 917 1691 Deutschlands
934 1657 1110 1698 verdienIs,
1137 1656 1191 1691 als
1209 1668 1317 1691 unser
1334 1656 1465 1691 Petrus
1485 1656 1669 1691 Canisius“
1695 1656 1782 1701 (Der
1799 1657 1913 1701 selige
1931 1657 2063 1693 Petrus

293 1709 470 1744 Canisius.
521 1710 610 1744 Eine
636 1710 786 1754 Predigt
821 1722 884 1745 zur
909 1710 1012 1744 Feier
1045 1710 1164 1744 seiner
1198 1709 1503 1755 Seligsprechung
1537 1709 1708 1753 gehalten
1742 1710 1791 1744 im
1816 1710 1981 1745 Munster
2017 1723 2062 1746 zu

293 1763 512 1807 Strassburg
539 1763 672 1808 [Mainz
701 1763 805 1808 1865]
832 1775 866 1809 p.
895 1764 968 1806 13).

412 1818 425 1837 4
451 1817 507 1851 Ita
532 1829 567 1852 v.
594 1828 628 1860 g.
655 1818 836 1851 Hem-icus
861 1819 903 1851 de
927 1818 1160 1861 Knorinyen,
1196 1817 1385 1862 episcopus
1413 1818 1656 1860 augustanus,
1694 1829 1786 1851 anno
1816 1817 1905 1851 1629
1931 1817 1968 1851 in
1994 1829 2061 1852 sua

296 1870 533 1913 ⁷,Visitatione
560 1869 750 1905 Sacrorum
775 1870 939 1905 liminum
965 1871 1036 1905 BB.
1063 1870 1316 1915 Apostolorum
1342 1870 1441 1904 Petri
1468 1872 1504 1904 et
1528 1869 1651 1904 Paul?
1683 1870 1726 1904 de
1753 1870 1914 1905 Canisio:
1958 1871 2060 1913 „Jam

291 1923 358 1965 hi‚“
390 1923 517 1968 inquit,
548 1923 638 1969 „jam
666 1923 727 1958 alii
753 1924 797 1958 ab
823 1924 893 1958 isto
919 1923 1140 1958 zelosissimo
1166 1924 1243 1957 viro
1262 1934 1401 1958 errores
1418 1934 1502 1957 suos
1520 1923 1660 1957 dedocti
1678 1923 1897 1957 orthodoxae
1914 1923 2062 1958 veritati

291 1989 420 2011 manus
434 1977 618 2019 dederunt,
637 1979 677 2011 ut
690 1977 837 2022 proinde
851 1989 921 2011 non
935 1989 1061 2022 parum
1076 1978 1243 2020 Augusta
1257 1976 1339 2011 huic
1352 1976 1524 2021 Apostolo
1539 1976 1667 2010 debere
1681 1988 1720 2011 se
1734 1976 1864 2011 debeat
1876 1977 2056 2021 profiteriss

295 2029 367 2073 (Ex
394 2030 600 2075 apographo
627 2031 739 2076 partis
765 2030 871 2065 huius
903 2030 1168 2072 „Visitationis“
1200 2030 1281 2064 circ.
1310 2042 1341 2064 a.
1373 2030 1463 2065 1864
1489 2041 1510 2064 a
1531 2029 1569 2064 P.
1589 2031 1690 2064 Flor.
1709 2031 1809 2064 Riese
1827 2029 1860 2065 S.
1881 2030 1913 2065 J.
1933 2030 2060 2073 facto).

291 2085 330 2118 F
327 2085 549 2118 ordinandus
566 2085 702 2128 Maria,
728 2084 904 2118 Bavariae
931 2083 1074 2125 elector,
1101 2083 1137 2117 in
1162 2083 1295 2117 litteris
1314 2082 1502 2117 Monachio
1520 2083 1575 2117 26.
1596 2083 1752 2117 Ianuarii
1773 2084 1862 2117 1659
1890 2083 1934 2117 ad
1951 2083 2061 2118 Alex-

292 2137 444 2171 andrum
468 2137 548 2172 VII.
574 2149 754 2171 summum
779 2137 984 2182 pontificem
1011 2137 1106 2171 datis
1133 2136 1316 2171 Canisium
1356 2136 1486 2179 „totius
1522 2136 1665 2180 quidem
1692 2136 1925 2177 Germaniae,
1960 2148 2061 2182 prae-

291 2190 417 2224 sertim
443 2202 528 2224 uero
554 2190 731 2225 Bauariae
761 2190 985 2236 praeclarum
1021 2190 1204 2235 superiore
1239 2189 1359 2224 seculo
1384 2189 1616 2234 Apostolun1“
1655 2189 1768 2224 fuisse
1803 2189 1961 2224 affirmat
1990 2189 2061 2233 (Ex

293 2243 500 2289 apographo
526 2255 620 2278 saec.
647 2243 760 2278 XVII.
787 2244 847 2278 vel
873 2243 1005 2278 XVIII.
1032 2244 1186 2288 scripto,
1213 2243 1248 2277 in
1276 2245 1398 2287 „Actis
1422 2241 1576 2286 Beatlf.“
1604 2242 1626 2277 l.
1653 2254 1682 2277 c.
1709 2243 1752 2277 A.
1773 2242 1848 2286 28).
1891 2243 2062 2277 Proximo

293 2299 415 2331 autem
457 2297 601 2332 saeculo
643 2299 862 2332 Francisczcs
899 2299 1102 2332 Luam-iens
1141 2298 1277 2331 Sclzenlc
1314 2298 1355 2330 de
1395 2297 1542 2340 Cas-wll,
1585 2296 1772 2341 episcopus
1814 2297 2062 2341 eystettensis,

292 2350 487 2385 Benedicto
513 2350 609 2384 XIII.
636 2351 796 2396 pontifici
822 2351 986 2395 scripsit:
1028 2349 1315 2394 „Aequissimum
1341 2349 1465 2395 plan&
1496 2349 1583 2383 mihi
1610 2349 1762 2391 videtur,
1794 2349 1917 2391 „hunc‚
1944 2352 1984 2383 ut
2009 2349 2063 2383 ita

293 2403 422 2445 dicam,
449 2403 664 2438 Germaniae
689 2404 901 2449 Apostolum
925 2431 933 2439 .
961 2431 967 2438 .
997 2431 1003 2438 .
1031 2404 1224 2438 Beatorum
1251 2403 1443 2437 honoribus
1470 2402 1616 2448 propius
1642 2402 1845 2437 admoveri‘
1880 2402 2062 2447 (Epistula.

293 2457 377 2491 data
403 2456 578 2501 Eystadio
597 2457 628 2491 2.
648 2457 740 2491 Iunii
761 2457 851 2492 1729
879 2459 915 2491 et
941 2457 1037 2491 edita
1063 2457 1098 2490 in
1128 2456 1432 2499 „Pastoral-Blatt
1458 2456 1521 2490 des
1547 2455 1733 2490 Bisthums
1750 2455 1951 2489 Eichstatt“
1974 2455 2062 2489 VIII

294 2504 491 2549 [Eiohstatt
520 2510 645 2554 1861]‚
681 2511 778 2554 206).
830 2510 882 2544 De
917 2509 1086 2544 Helvetia
1122 2512 1241 2544 autem
1278 2509 1454 2544 catholica
1492 2510 1664 2543 Claudius
1695 2510 1876 2542 Antonius
1902 2510 2064 2552 Dude'ny,

293 2563 482 2608 episcopus
517 2563 787 2604 lausannensis,
822 2564 858 2597 in
894 2563 1027 2598 litteris
1052 2563 1227 2606 Friburgo
1260 2562 1315 2597 21.
1344 2562 1479 2607 Aprilis
1516 2561 1606 2596 1732
1645 2561 1689 2596 ad
1726 2560 1947 2596 Clementem
1981 2561 2062 2596 XII.

293 2616 414 2650 missis
439 2619 615 2651 testatur:
643 2616 856 2660 [Canisium]
888 2619 983 2658 „tota
1010 2616 1190 2657 Helvetia,
1217 2627 1308 2660 quae
1336 2615 1521 2650 Catholica
1548 2616 1621 2655 est,
1650 2642 1656 2649 .
1685 2641 1692 2649 .
1719 2617 1759 2649 ut
1784 2615 1930 2649 Patrem
1956 2625 2061 2649 suum

294 2669 330 2702 in
359 2668 500 2703 Christo
535 2669 673 2713 diligit,
709 2672 750 2704 ut
775 2669 989 2715 Apostolum
1025 2669 1128 2703 colit⁴⁴
1171 2669 1240 2713 (Ex
1276 2668 1482 2714 apographo
1509 2667 1668 2702 eiusdem
1694 2667 1769 2701 fere
1795 2667 1986 2712 temporis,
2023 2667 2062 2702 in

294 2724 418 2766 „Actis
442 2722 597 2765 Beatif.“
634 2722 657 2757 l.
693 2734 722 2757 c.
750 2723 792 2756 A.
821 2722 894 2766 32).
946 2722 1080 2756 Eodem
1115 2723 1190 2756 fere
1225 2725 1386 2766 tempore
1421 2723 1625 2766 protestans
1660 2720 1768 2755 etiam
1804 2721 2064 2764 „Bibliothecae

296 2775 528 2809 universali&
557 2775 672 2809 editor
698 2775 916 2810 testificatus
943 2778 999 2810 est
1026 2775 1209 2810 Canisium
1244 2777 1383 2809 tantam
1418 2774 1513 2819 apud
1551 2773 1748 2808 catholicos
1777 2773 1927 2816 gloriam
1965 2775 2063 2807 asse'-

294 2830 431 2869 cutum,
473 2828 575 2870 „dass
610 2840 692 2863 man
727 2829 788 2863 ihn
824 2830 881 2862 fiir
916 2829 995 2862 dem
1031 2829 1182 2862 zweiten
1217 2827 1366 2873 Apostel
1398 2826 1682 2861 Teutschlandes
1716 2826 1847 2860 hielte‘
1888 2825 1982 2869 (Vol.
2011 2824 2062 2860 III

293 2880 564 2925 [Norimbergae
594 2881 718 2926 1739],
745 2894 778 2926 p.
807 2881 902 2925 162).
952 2881 1078 2925 Neque
1104 2882 1147 2915 ab
1173 2881 1230 2915 his
1257 2881 1418 2915 dissonat
1442 2879 1623 2915 sententia
1648 2879 1762 2925 ipsius
1797 2878 1969 2913 ecclesiae
2005 2889 2064 2912 ca-

293 2934 468 2969 tholicae:
505 2934 700 2978 [Canisius]
741 2934 974 2976 „Germaniae
1009 2935 1193 2979 apostolus
1220 2934 1441 2979 appellatus.
1478 2936 1516 2968 et
1541 2933 1645 2978 plane
1671 2932 1800 2975 dignus
1826 2931 1970 2965 habitus
1996 2934 2066 2971 est,

294 2987 354 3031 qui
391 2987 434 3021 ad
470 2987 657 3021 tutandam
692 2987 727 3021 in
755 2987 946 3022 Germania
981 2987 1190 3031 religionem
1226 2987 1332 3021 datus
1367 2986 1540 3021 divinitus
1576 2985 1783 3031 putaretm‘
1816 2983 2064 3028 (Breasartmn

294 3050 492 3074 romanum.
520 3040 610 3074 Pars
628 3052 750 3074 verna.
777 3039 900 3075 Lectio
926 3042 946 3075 5
973 3041 1009 3074 in
1035 3040 1152 3074 officio
1179 3040 1217 3074 B.
1244 3039 1342 3073 Petri
1362 3039 1506 3080 Canisii,
1533 3039 1626 3072 inter
1651 3037 1746 3071 festa
1776 3048 1840 3078 „ex
1866 3035 2067 3080 indulto¹⁴).=.

294 3093 432 3127 Paulas
457 3095 577 3127 autem
605 3094 748 3136 Drews,
774 3093 938 3129 minister
964 3095 1184 3138 protestans,
1211 3094 1365 3127 fatetur:
1401 3092 1505 3134 „Man
1531 3102 1629 3124 muss
1656 3089 1886 3133 zugestehen,
1913 3090 1996 3124 dass
2024 3100 2063 3123 er

293 3146 583 3181 romischerseits
619 3147 687 3180 den
712 3146 850 3180 Numen
877 3147 974 3180 eines
1000 3146 1169 3190 Apostels
1195 3145 1458 3180 Deutschlands
1494 3143 1676 3178 ve1·dient“
1709 3142 1857 3186 (Petrus
1884 3142 2061 3183 Canisius,

294 3198 357 3232 der
384 3201 478 3233 erste
505 3199 677 3233 deutsche
704 3198 822 3233 Jesuit
849 3198 968 3243 [Halle
997 3199 1101 3242 1892]
1128 3211 1160 3243 p.
1192 3199 1273 3235 103)
