2113 3430
189 215 270 255 172
715 211 772 245 26.
807 210 847 244 B.
874 210 1005 245 Petrus
1030 210 1146 245 Faber
1171 211 1323 246 Canisio.

185 327 343 369 vestris
376 327 430 368 ad
462 340 531 368 me
562 325 719 380 prolixj
753 340 848 369 esse
870 326 1072 381 potestis)
1105 327 1181 369 sed
1213 328 1313 381 quia
1344 331 1517 383 tempus
1548 343 1634 372 non
1667 330 1796 373 datur
1825 331 1951 386 plura

186 392 366 446 dicendj,
399 392 479 433 1100
501 394 674 434 tantum
696 391 829 433 addo:
863 392 957 434 Nos
988 392 1182 434 misimus
1215 393 1270 435 ad
1295 407 1374 435 vos
1405 393 1578 437 litteras
1609 394 1808 447 indicas⁸,
1844 410 1952 450 quas

185 472 298 500 anno
331 456 551 511 superiore
582 456 823 511 recepimus
856 471 881 499 a
913 457 1126 511 Magistro
1158 457 1384 501 francisco.
1427 459 1594 502 vtinam
1635 460 1690 502 ad
1731 475 1809 503 vos
1853 474 1951 515 per-

186 522 384 564 uenerint
421 524 470 564 vt
511 522 789 564 consolemini
836 522 975 564 solida
1023 522 1318 566 consolatione
1364 523 1562 566 videntes
1608 524 1822 568 mirabilia
1870 539 1952 579 que

186 590 391 642 operatur
423 586 618 630 Christus
658 586 702 628 in
742 586 826 628 illis
867 587 1049 641 populis.
1115 588 1285 631 Gaudet
1322 588 1532 642 magister
1569 589 1807 632 franciscus
1839 591 1953 644 quod

186 666 263 694 suo
295 655 492 707 tempore
524 653 717 706 sexcentj
750 652 945 694 homines
976 652 1020 694 in
1051 652 1136 694 illis
1168 653 1364 707 partibus
1396 653 1568 696 nouiter
1598 655 1805 709 baptizatj
1838 670 1953 697 mar-

185 717 348 771 tyrium
385 717 628 771 receperint
660 717 731 770 qui
773 721 836 760 est
876 717 1290 771 perfectissimorum
1332 718 1614 773 baptismus1.
1679 720 1953 762 Gaudeamus

187 786 231 826 et
262 796 340 824 nos
371 785 550 837 propter
581 782 661 824 hoc
692 782 736 824 in
769 782 939 825 domino
971 785 1120 824 nostro
1152 783 1258 825 Jesu
1291 783 1474 827 Christo.
1540 784 1710 827 Gaudet
1741 785 1955 839 Magister

187 847 426 890 franciscus
460 847 572 900 quod
594 861 678 889 vno
705 860 852 889 mense
886 847 1119 901 eontigerit
1151 851 1195 891 et
1228 849 1377 892 datum
1411 849 1467 891 sit
1500 850 1537 904 ej
1562 849 1784 904 baptizare
1807 851 1953 893 decem

186 913 305 954 milia
327 912 558 955 hominum.
604 912 879 955 Gaudeamus
912 916 956 956 et
988 927 1066 955 nos
1098 927 1228 968 super
1257 916 1349 956 tam
1383 914 1556 969 copiosa
1588 929 1742 958 messe.
1783 915 1951 958 Gaudet

188 977 401 1031 Magister
440 977 680 1019 franciscus
720 977 764 1018 in
815 991 867 1019 ea
917 992 992 1032 spe
1041 992 1169 1032 quam
1217 978 1407 1021 ostendit
1451 979 1495 1020 in
1538 979 1622 1021 illis
1667 979 1755 1022 suis
1795 979 1955 1023 litteris

189 1043 346 1084 dicens.
389 1057 515 1097 spero
556 1042 599 1084 in
641 1042 812 1085 domino
855 1043 967 1096 quod
1007 1043 1088 1085 hoc
1129 1057 1240 1086 anno
1285 1043 1365 1086 sim
1398 1044 1696 1099 baptizaturus
1728 1045 1955 1099 plusquam

191 1110 363 1150 centum
395 1107 513 1149 milia
545 1107 764 1149 hominum
777 1108 805 1150 2.
869 1108 982 1150 Nolo
1023 1109 1149 1163 plura
1182 1123 1520 1151 commemorare
1554 1110 1772 1152 confidens
1802 1110 1847 1151 in
1880 1110 1955 1151 do—

190 1172 304 1214 mino
346 1173 458 1226 quod
499 1173 554 1214 ad
595 1187 672 1214 vos
714 1176 1005 1227 peruenerunt
1046 1173 1166 1228 ipsae
1208 1174 1399 1216 eiusdem
1439 1174 1615 1217 litterae
1648 1189 1754 1229 quas
1795 1174 1957 1218 latinas

189 1238 292 1280 fecit
326 1238 499 1291 quidam
532 1252 587 1280 ex
619 1237 983 1281 coinbricensibus
1015 1239 1193 1290 nostris,
1227 1239 1355 1282 facile
1388 1243 1455 1282 est
1487 1240 1663 1282 credere
1696 1253 1793 1282 eum
1824 1240 1958 1282 fuisse

190 1303 449 1356 Magistrum
477 1304 682 1345 Ioannem
713 1303 958 1346 insulanum
991 1304 1063 1357 qui
1095 1308 1162 1347 est
1195 1305 1246 1346 de
1278 1305 1600 1347 louaniensibus
1633 1305 1749 1347 solus
1781 1305 1958 1348 relictus

192 1368 526 1419 conimbricae3,
572 1368 925 1411 Μ3Χ11111113111154
969 1369 1082 1411 0111111
1123 1370 1327 1424 complutj
1371 1371 1518 1413 studet
1563 1373 1606 1413 et
1649 1368 1844 1413 hermesb
1891 1369 1957 1423 (vt

310 1498 324 1511 ὃ
349 1493 515 1526 Canis-ius
540 1494 578 1525 in
605 1495 787 1535 maraine:
816 1492 966 1526 indicae.

309 1543 324 1563 b
348 1546 475 1579 Subter
500 1546 668 1579 vocabula
694 1545 964 1580 Maximilianus
991 1557 1099 1590 rusque
1126 1546 1174 1578 ad
1198 1545 1339 1579 hermes
1374 1547 1467 1579 linea
1505 1557 1632 1590 eaque,
1670 1551 1706 1579 ut
1740 1546 1898 1588 videtur,
1935 1556 1955 1577 a

197 1599 341 1632 Cam'se'o
369 1601 443 1643 ipso
469 1600 573 1632 dueta
602 1604 660 1633 est.

318 1711 327 1730 ¹
352 1708 488 1743 Similia
515 1721 534 1743 a
553 1709 666 1743 Fabro
685 1709 840 1743 Madrito
861 1709 915 1744 10.
934 1709 1148 1743 Novembris
1169 1710 1259 1743 1545
1286 1708 1325 1743 P.
1346 1708 1479 1743 Simoni
1506 1709 1691 1743 Rodericio
1710 1709 1745 1744 S.
1764 1709 1796 1743 J.
1823 1709 1958 1754 scripta

192 1764 312 1797 erant:
345 1762 417 1804 ,En
444 1763 581 1807 oyendo
608 1763 733 1797 hablar
760 1763 802 1797 de
828 1762 881 1797 los
907 1763 1119 1797 seiscientos
1144 1763 1313 1797 martires
1339 1774 1383 1796 no
1409 1765 1448 1797 se
1474 1762 1507 1796 lo
1532 1774 1600 1806 que
1625 1762 1740 1797 siente
1765 1762 1813 1796 mi
1839 1763 1957 1796 anima

193 1827 237 1849 011
263 1815 481 1850 ,105110115ῒο“
513 1818 579 1850 etc.
610 1816 757 1859 (cm-tas
782 1816 808 1858 I,
835 1815 933 1859 280).

314 1870 326 1889 ‘·'
352 1869 386 1903 S.
413 1869 625 1904 Franciscus
651 1869 830 1904 Xaverius
857 1870 912 1904 27.
940 1869 1096 1903 Ianuarii
1121 1870 1211 1903 1545
1231 1868 1360 1903 Cocino
1379 1869 1529 1903 Romam
1556 1869 1600 1902 ad
1626 1869 1741 1903 socios
1767 1867 1959 1913 epistulam

194 1922 310 1962 misit,
347 1922 382 1956 in
409 1934 478 1967 qua
504 1922 593 1957 haec
618 1923 806 1966 leguntur:
848 1923 907 1965 „ln
942 1923 1008 1956 hoc
1035 1922 1311 1957 Trauancoridis
1336 1934 1466 1966 regno,
1502 1922 1563 1956 vbi
1590 1934 1713 1957 versor
1742 1922 1797 1965 (vt
1824 1921 1959 1966 aliquid

194 1975 237 2009 de
262 1976 368 2010 rebus
395 1976 525 2010 indicis
551 1976 725 2020 scribam,
762 1988 913 2020 quarum
948 1988 1012 2010 vos
1045 1976 1272 2010 auidissimos
1300 1987 1379 2010 esse
1407 1978 1503 2010 certe
1538 1975 1627 2019 scio)
1665 1975 1836 2020 plurimos
1862 1975 1958 2009 Deus

194 2029 238 2063 ad
266 2028 398 2063 Christi
434 2029 514 2074 Filij
550 2030 605 2063 sui
641 2030 789 2063 adduxit
824 2029 958 2063 Fidem.
1009 2029 1146 2064 Mensis
1182 2030 1313 2074 quippe
1349 2029 1455 2063 vuius
1490 2029 1606 2074 spatio
1645 2028 1799 2074 amplius
1837 2028 1959 2062 decem

194 2081 375 2116 hominum
402 2082 513 2116 millia
541 2082 743 2117 Christiana
769 2083 850 2117 feci.
870 2110 876 2117 .
898 2111 904 2117 .
925 2111 932 2117 .
983 2083 1145 2116 Manaria
1171 2082 1287 2117 insula
1313 2082 1395 2116 hinc
1422 2083 1525 2117 abest
1551 2081 1663 2116 millia
1689 2093 1859 2127 passuum
1895 2081 1960 2115 cir-

195 2135 284 2169 citer
303 2135 374 2170 (JV.
402 2135 479 2170 eius
504 2136 641 2170 incolae
667 2139 785 2170 certos
812 2136 855 2170 ad
882 2148 939 2170 me
964 2136 1126 2170 homines
1146 2135 1360 2179 ablegarunt
1377 2138 1554 2179 rogatum,
1581 2138 1622 2169 vt
1640 2135 1807 2179 quoniam
1826 2134 1962 2168 vellent

194 2189 270 2223 fieri
298 2188 511 2230 Christiani,
547 2189 591 2223 ad
626 2202 686 2223 eos
722 2189 954 2234 baptizandos
988 2189 1168 2234 proficisci
1202 2201 1246 2223 110
1273 2200 1455 2232 grauarer.
1507 2188 1583 2232 Ego
1619 2200 1698 2222 cum
1737 2187 1962 2232 grauissimis

194 2243 359 2286 negotiis,
385 2243 612 2286 maximeque
639 2243 683 2277 ad
709 2255 783 2277 rem
804 2242 1046 2277 Christianam
1072 2242 1335 2287 pertinentibus
1362 2242 1562 2282 distinerer,
1589 2242 1639 2275 ire
1664 2241 1740 2286 ipse
1763 2253 1832 2275 non
1851 2240 1959 2285 potui.

196 2296 321 2340 ltaque
348 2298 485 2330 certum
512 2297 659 2330 exoraui
679 2296 918 2337 Sacerdotem,
946 2298 986 2330 vt
1012 2296 1080 2329 iret
1105 2307 1183 2329 meo
1210 2295 1287 2329 1000
1316 2307 1422 2339 quam
1441 2295 1594 2340 primum
1613 2294 1657 2328 ad
1676 2294 1756 2328 illos
1775 2293 1960 2338 Baptismo

196 2350 402 2394 expiandos.
454 2349 600 2393 Iamque
635 2350 665 2383 is
702 2349 872 2394 plurimos
911 2349 1176 2394 baptizauerat,
1214 2360 1295 2383 cum
1330 2348 1409 2382 Rex
1444 2346 1753 2392 Iafanapataniae,
1790 2347 1825 2380 in
1861 2346 1963 2380 cuius

196 2403 328 2437 ditione
354 2402 471 2437 insula
498 2406 571 2443 est,
607 2403 808 2448 complures
833 2403 1062 2448 Neophytos,
1090 2402 1183 2446 quod
1212 2401 1406 2435 Christiani
1432 2401 1518 2434 facti
1545 2402 1688 2437 essent,
1715 2399 1962 2434 crudelissime

195 2457 348 2490 necauit.
400 2456 662 2491 Gratulandum
690 2458 745 2490 est
772 2455 913 2490 Christo
939 2455 1109 2496 Domino,
1137 2455 1195 2499 qui
1223 2466 1266 2488 ne
1291 2457 1415 2488 nostra
1442 2453 1585 2498 quidem
1611 2455 1850 2498 tempestate,
1877 2452 1963 2487 sinit

196 2510 389 2544 desiderari
416 2512 605 2554 martyres.
656 2509 702 2544 Et
728 2510 894 2553 quoniam
922 2509 1041 2543 diuina
1068 2509 1291 2552 benignitate
1319 2510 1426 2551 atquc
1462 2506 1684 2550 indulgentia
1720 2508 1794 2540 tam
1829 2517 1961 2551 paucos

199 2562 249 2597 vti
276 2563 374 2597 videt
401 2563 444 2596 ad
470 2563 636 2603 salutem,
663 2575 725 2607 pro
752 2574 817 2596 sua
843 2562 1018 2606 singulari
1045 2561 1270 2606 prouidentia
1297 2560 1483 2605 permittit,
1511 2562 1551 2594 vt
1577 2572 1640 2604 per
1665 2559 1857 2593 humanam
1885 2570 1961 2592 cru-

197 2616 380 2650 delitatem
407 2616 624 2661 impleantur
650 2615 849 2650 destinatae
875 2615 998 2656 sedes,
1035 2626 1077 2649 ac
1102 2625 1272 2648 numerus
1300 2614 1495 2647 beatorum.
1525 2641 1531 2647 .
1562 2641 1568 2647 .
1599 2641 1606 2647 .
1657 2612 1830 2657 Equidem
1857 2623 1961 2656 spero

197 2681 259 2714 pro
286 2669 392 2703 huius
418 2670 575 2713 regionis
602 2669 884 2714 praeparatione,
912 2670 947 2702 et
973 2668 1074 2712 quasi
1101 2670 1236 2711 segete,
1262 2678 1318 2700 me
1345 2666 1412 2701 1100
1439 2678 1529 2700 anno
1557 2666 1600 2700 ad
1628 2668 1771 2700 centum
1791 2664 1960 2698 Christia-

198 2734 321 2755 norum
357 2722 469 2756 millia
508 2734 586 2756 esse
626 2723 822 2756 facturum·v
867 2721 916 2765 (S.
954 2721 993 2755 P.
1026 2722 1216 2755 francisci
1250 2721 1402 2754 Xazwrii
1441 2731 1459 2753 e
1495 2719 1572 2753 Soc.
1608 2720 1689 2753 Iesu
1717 2718 1959 2763 Epistolarum

199 2775 294 2808 Libri
330 2775 390 2809 JV.
435 2776 490 2809 Ex
526 2775 686 2820 Hispano
722 2776 757 2809 in
793 2775 959 2809 Latinum
995 2775 1158 2808 conuersi
1194 2774 1237 2807 ab
1274 2775 1427 2807 Horatio
1467 2774 1676 2806 Ten-sellam.
1726 2771 1788 2805 Ed.
1824 2770 1958 2804 noviss.

201 2827 433 2873 [Antverpiae
463 2828 565 2872 1657]
598 2841 631 2874 p.
659 2829 833 2862 {il—101.
879 2828 952 2862 Cf.:
990 2827 1024 2862 S.
1052 2827 1231 2861 Francisci
1258 2826 1403 2860 Xaverii
1429 2826 1670 2871 Epistolarum
1698 2824 1853 2859 omnium
1878 2823 1958 2857 libri

200 2884 361 2924 quatuor.
397 2882 514 2926 Opera
540 2881 581 2915 R.
607 2882 655 2915 M.
674 2882 810 2924 [Bm-ln·
828 2882 1063 2924 Jstuvlmczw]
1089 2880 1168 2914 Vol.
1196 2880 1210 2913 Ι
1237 2879 1431 2923 [Bononiae
1461 2878 1575 2922 1795],
1602 2891 1634 2923 p.
1664 2876 1859 2912 187—193.
1895 2876 1959 2910 Die

199 2933 317 2967 Briefe
344 2934 406 2967 des
433 2935 588 2977 heiligen
615 2935 726 2968 Franz
753 2947 823 2968 von
848 2934 1002 2975 Xavier,
1039 2934 1221 2967 ubersetzt
1256 2932 1326 2966 und
1364 2932 1500 2966 erklart
1535 2943 1605 2965 von
1632 2930 1758 2974 Joseph
1788 2931 1907 2972 Bury,
1946 2929 1957 2961 Ι

200 2986 305 3029 [Kuln
333 2987 447 3029 1⁸:361,
475 2988 672 3021 ‘BIS—4223.
708 2988 850 3021 Lettres
877 2987 919 3021 de
946 2987 1041 3021 saint
1067 2985 1397 3029 1⁴*1‘ancois-Xavie1·,
1424 2985 1600 3019 traduites
1625 2994 1690 3028 par
1716 2983 1809 3016 Le'on
1840 2982 1959 3025 Ραῃὶκς,

202 3039 214 3071 Ι
242 3038 357 3082 [Paris
387 3040 733 3083 19551172-1Πς
762 3043 795 3074 et
823 3040 996 3085 saepius).

321 3093 333 3110 ²³
361 3092 508 3125 1011111105
536 3093 754 3127 (.’0νί110111115
777 3092 990 3137 (Couvill0n‚
1019 3091 1211 3135 Covillon),
1239 3090 1510 3134 11150115(Ε1110)
1541 3088 1682 3123 circiter
1708 3099 1838 3122 annum
1869 3088 1959 3122 1520

202 3146 308 3178 natus
337 3146 578 3181 (orlandinus
606 3146 626 3179 l.
655 3158 682 3179 c.
711 3146 732 3179 l.
759 3147 791 3186 4,
818 3157 850 3179 11.
880 3145 934 3179 82.
970 3146 1135 3188 Delplaee
1161 3145 1183 3178 l.
1211 3156 1240 3178 0.
1267 3156 1299 3188 p,
1328 3143 1404 3186 2*).

320 3199 331 3217 ⁴
359 3198 626 3231 Maxiinilianus
655 3199 811 3243 Capella,
838 3198 1030 3232 insulensis
1057 3200 1092 3232 et
1120 3198 1194 3242 ipse
1224 3197 1465 3239 (Orlamlinus
1490 3195 1512 3228 l.
1540 3206 1568 3229 0.
1609 3195 1774 3238 Delphice
1800 3193 1821 3227 l.
1849 3192 1909 3237 c.).
