2113 3430
551 175 707 210 Monum.
739 175 979 220 (viennensia)
1008 177 1063 212 99.
1093 176 1165 221 (14.
1192 175 1348 220 Augusti
1377 175 1494 219 1554.)
1823 175 1905 216 751

152 294 232 336 hoc
254 293 425 347 seruauj
450 292 699 346 diligentius
723 296 770 336 ut
796 307 948 335 sensus
970 293 1114 335 sensui
1136 293 1391 335 redderetur
1413 306 1541 345 quam
1564 291 1741 333 uerbum
1763 289 1909 335 uerbo,

155 358 267 411 quod
299 357 356 400 sit
386 371 546 411 magna
577 358 794 401 idiomatis
825 358 962 400 nostri
985 360 1115 411 atque
1137 357 1275 411 Italicj
1311 356 1554 406 diuersitas,
1588 356 1801 408 longeque
1827 353 1911 396 alia

154 423 385 465 uerborum
417 422 483 464 uis
515 425 559 465 et
590 422 846 477 proprietas,
881 426 929 465 ut
960 437 1061 477 sepe
1093 422 1242 477 paucis
1274 436 1351 463 nos
1383 421 1526 463 uerbis
1547 434 1751 473 magnam
1772 418 1911 472 Italicj

156 487 367 529 sermonis
390 487 557 541 copiam
581 488 931 541 complectamur,
957 487 1175 528 breuiores
1197 489 1344 528 autem
1362 485 1494 527 simus
1512 485 1583 527 ubi
1602 485 1664 526 illi
1680 484 1912 537 longiores.

156 552 284 595 Mitto
317 554 463 594 autem
495 553 550 594 ad
581 555 626 594 te
658 552 733 594 illa
764 550 950 601 tardius,
984 552 1096 604 quod
1128 551 1221 604 ipse
1253 553 1299 592 ut
1332 550 1380 592 T.
1415 550 1464 592 R.
1499 549 1619 592 nouit
1651 549 1732 591 sim
1763 548 1914 591 tardus

158 617 410 667 Germanus,
445 619 489 659 et
520 617 694 659 scholae
725 630 847 658 meae
881 615 1233 669 occupationibus
1264 615 1480 657 interdum
1513 614 1747 656 distractus
1781 648 1788 655 .
1824 648 1831 655 .
1864 647 1872 655 .
1905 647 1912 655 .

276 714 375 749 Haec
418 715 615 749 clarissime
658 714 850 749 ostendunt
888 713 1058 747 Adlerum
1100 725 1169 747 non
1213 711 1414 754 „Summam
1457 711 1639 746 doctrinae
1677 711 1911 745 christianae*

157 768 308 803 latinam
334 768 454 802 italice
471 768 636 808 vertisse,
662 767 725 802 sed
743 767 988 811 germanicum
1011 765 1169 810 aliquem
1195 765 1451 799 catechismum
1471 776 1492 798 a
1510 764 1652 798 Canisio
1671 764 1916 808 compositum.

160 821 258 864 Quod
276 833 363 866 opus
381 833 402 855 a
425 820 608 863 „Summa‘
631 821 810 854 diversum
829 819 961 854 fuerit¹
988 830 1040 859 ac,
1066 819 1102 852 ni
1120 818 1236 859 fallor,
1263 818 1338 863 ipse
1356 818 1416 852 ille
1434 817 1674 852 catechismus
1697 816 1918 858 „minimusffi

161 886 265 919 quem
293 874 457 909 Canisius
482 885 573 908 anno
602 874 691 908 1556
718 872 928 917 Ingolstadii
962 871 1115 917 primum
1151 871 1250 917 typis
1285 870 1559 905 exscribendum
1591 869 1742 904 curavit.
1792 869 1919 903 Versio

162 928 205 962 ab
232 927 362 962 Adlero
397 927 494 961 facta
527 938 722 970 numquam
755 926 893 971 prelum
927 925 1067 959 subisse
1101 935 1167 958 nec
1200 924 1272 958 iam
1306 935 1495 969 superesse
1529 923 1682 957 videtur.
1732 922 1920 956 Destinata

162 983 282 1016 autem
309 982 405 1015 certe
423 982 501 1015 erat
523 980 595 1014 illis
619 979 923 1021 „adolescentibus
949 980 986 1012 et
1010 977 1131 1023 pueris
1154 977 1297 1017 italicis,
1323 977 1384 1021 qui
1402 977 1562 1011 Viennae
1589 975 1758 1021 permulti
1784 976 1920 1015 erant“‚

164 1036 271 1078 atque
303 1034 417 1076 „vix“,
443 1033 560 1077 inquit
576 1034 753 1067 Polanscus
778 1032 800 1067 l.
821 1044 850 1066 0.
870 1032 913 1072 II,
940 1032 1006 1065 567
1039 1031 1094 1073 „in
1119 1032 1221 1065 tanta
1239 1030 1478 1071 multitudine,
1505 1030 1564 1074 qui
1591 1029 1700 1064 sciret
1725 1029 1921 1063 orationem

164 1087 375 1122 dominicam
401 1086 552 1121 recitare
578 1088 640 1120 aut
669 1085 870 1131 symbolum
906 1084 1147 1130 apostolorum
1181 1084 1450 1124 inveniebatur;
1485 1085 1677 1128 praecepta
1702 1082 1768 1116 Dei
1802 1081 1923 1116 nullus

164 1140 319 1181 sciebat;
348 1151 439 1185 quae
465 1139 667 1183 ignorantia
692 1151 761 1173 non
786 1140 926 1173 tantum
952 1138 987 1171 in
1013 1137 1134 1182 pueris
1159 1137 1222 1171 sed
1246 1137 1284 1170 in
1308 1137 1398 1171 viris
1424 1136 1531 1170 etiam
1558 1137 1670 1171 erat“.

282 1193 447 1227 Notanda
473 1195 557 1227 sunt
582 1194 778 1238 praeterea,
809 1203 900 1236 quae
926 1193 1102 1225 Polaticus
1130 1190 1168 1234 (l.
1196 1202 1225 1225 0.
1253 1190 1314 1232 111,
1341 1190 1425 1233 251)
1454 1190 1490 1224 in
1516 1201 1647 1224 annum
1676 1189 1765 1224 1553
1792 1189 1922 1224 refert:

169 1246 357 1287 ⁷,Dictabat
383 1246 421 1280 P.
450 1245 615 1280 Canisius
642 1245 765 1279 diebus
791 1244 935 1279 veneris
961 1243 1218 1278 catechismum
1244 1243 1365 1288 pueris
1391 1245 1592 1277 nostrarum
1618 1242 1836 1284 scholarum,
1864 1242 1923 1286 qui

164 1299 275 1333 latine
300 1299 480 1339 sciebant;
506 1298 649 1333 infimae
676 1301 795 1333 autem
821 1297 965 1332 scholae
991 1297 1083 1331 idem
1110 1296 1284 1340 magister
1308 1296 1457 1331 Carolus
1476 1296 1584 1337 Grim,
1612 1296 1673 1340 qui
1699 1296 1776 1341 ejus
1802 1307 1924 1330 curam

166 1352 332 1393 habebat,
360 1352 599 1397 praestabas

1007 1440 1099 1481 99.

828 1529 1031 1569 Edictum
1059 1529 1265 1580 primum,

169 1631 237 1664 quo
263 1618 510 1652 Ferdinandus
536 1618 562 1652 1.
590 1617 830 1652 Romanorum
856 1629 921 1651 rex
947 1617 1203 1652 catechismum
1231 1616 1363 1652 Canisii
1389 1616 1425 1651 in
1456 1617 1588 1652 scholis
1620 1617 1779 1652 adhiberi
1811 1617 1925 1652 iussit.

778 1702 940 1739 Viennae
965 1702 1018 1738 14.
1044 1702 1202 1749 Augusti
1227 1702 1322 1738 1554.

291 1788 347 1822 Ex
372 1789 522 1822 editione
543 1789 709 1831 principe
741 1786 926 1828 ‚Summae
956 1786 1137 1820 doctrinae
1173 1786 1409 1820 christianae*
1442 1784 1615 1829 [Viennae
1646 1785 1748 1830 1555]
1777 1786 1801 1820 f.
1829 1797 1848 1820 a
1877 1786 1929 1831 Ij2=

172 1842 215 1876 ad
242 1853 262 1876 a
287 1838 374 1875 VIb.

292 1894 505 1939 Exemplum
532 1893 650 1935 edicti,
678 1893 800 1927 eodem
826 1895 986 1937 tempore
1011 1893 1196 1937 scriptum,
1223 1894 1387 1937 superest
1409 1892 1569 1926 Viennae
1595 1891 1630 1925 in
1655 1892 1800 1926 archivo
1827 1892 1930 1927 aulae

174 1959 364 1982 caesareae
394 1947 543 1991 (Hans,
570 1946 655 1981 Hof-
683 1947 754 1980 und
781 1945 1084 1989 Staats-Archiv),
1116 1945 1191 1980 cod.
1223 1945 1343 1987 „Ferd
1370 1946 1395 1979 1.
1424 1945 1548 1979 Privil.
1574 1957 1607 1979 n.
1636 1946 1690 1980 7⁴.
1718 1945 1741 1980 f.
1771 1946 1836 1980 196
1847 1945 1861 1965 '³
1887 1946 1931 1980 ad

177 2001 242 2036 197
255 2000 280 2036 b.
322 2001 419 2035 Idem
447 2001 602 2035 edictum
628 2000 664 2034 in
690 1999 933 2044 compluribus
956 1999 1170 2033 editionibus
1194 1998 1395 2040 ,Sunimae“
1419 1998 1673 2043 posterioribus
1691 2001 1821 2033 exstat.
1864 1999 1931 2034 Hic

175 2055 338 2100 ponitur,
374 2054 457 2098 quia
484 2055 519 2088 et
544 2053 580 2087 in
607 2065 645 2087 se
671 2053 926 2096 gravissimum
961 2055 1016 2086 est
1050 2054 1086 2086 et
1120 2052 1164 2086 ad
1189 2051 1399 2095 religionem
1435 2051 1646 2086 catholicam
1678 2051 1711 2085 in
1741 2052 1931 2086 Germania

176 2107 446 2142 restaurandam
481 2107 674 2152 plurimum
713 2105 863 2140 contulit
898 2117 1012 2149 neque
1048 2117 1068 2139 a
1102 2105 1360 2139 recentioribus
1395 2105 1574 2139 historicis
1613 2104 1798 2139 catholicis
1834 2106 1932 2151 typis

176 2161 397 2206 exscriptum
423 2162 488 2194 est.
531 2160 727 2194 Maximam
753 2161 892 2204 partem
918 2158 1121 2202 germanice
1147 2169 1292 2192 versum
1320 2160 1375 2192 est
1400 2158 1435 2191 in
1462 2160 1606 2192 editoris
1635 2158 1927 2200 „Katechismen‘

176 2226 210 2260 p.
245 2214 395 2248 32-33.
447 2213 474 2247 E
508 2213 792 2258 protestantibus
828 2212 1030 2256 complures
1065 2212 1222 2245 edictum
1255 2211 1322 2246 hoc
1360 2212 1526 2256 operibus
1569 2211 1644 2245 suis
1687 2211 1932 2246 inseruerunt:

178 2269 351 2302 Melchior
380 2268 527 2301 Goldast
541 2267 565 2311 2,
593 2267 804 2300 Bernardus
830 2266 1041 2309 Raupaclffl,
1068 2266 1219 2299 Ioannes
1249 2265 1522 2308 Chris-topltorus
1548 2265 1743 2299 [foedam-⁴.

296 2320 463 2355 Edictum
498 2319 739 2364 conscriptum
775 2330 853 2353 esse
889 2330 908 2352 a
944 2318 1087 2353 doctore
1119 2318 1245 2352 Iacobo
1272 2318 1376 2360 Iona,
1411 2318 1513 2352 aulae
1540 2318 1753 2352 Ferdinandi
1779 2318 1804 2352 1.
1841 2318 1933 2353 vice-

180 2373 403 2415 cancellario‚
429 2374 499 2407 iam
526 2384 634 2418 supra
663 2372 710 2417 (p.
737 2371 821 2416 483)
852 2372 1016 2405 vidimus.

298 2426 475 2461 Collatum
501 2428 556 2460 est
581 2437 662 2460 cum
688 2425 803 2459 edicto
822 2424 1033 2458 Ferdinandi
1060 2424 1086 2458 1.
1112 2424 1272 2458 Viennae
1301 2424 1353 2458 10.
1374 2423 1579 2458 Decembris
1608 2424 1697 2458 1560
1723 2424 1815 2466 dato,
1843 2425 1935 2468 quod

180 2490 346 2523 magnam
372 2481 511 2524 partem
538 2479 664 2513 iisdem
691 2478 832 2513 omnino
858 2477 978 2511 verbis
1005 2479 1214 2521 conceptum
1241 2480 1296 2511 est
1322 2488 1364 2511 ac
1390 2477 1540 2521 primum
1567 2476 1673 2518 illud,
1706 2477 1741 2510 in
1767 2479 1936 2521 quattuor

180 2544 265 2566 vero
302 2532 477 2577 capitibus
513 2532 556 2566 ab
592 2543 632 2566 eo
668 2531 866 2576 discrepat:
905 2531 934 2564 1.
962 2529 1205 2563 Ferdinandus
1241 2529 1497 2564 catechismum
1532 2530 1625 2563 hunc
1660 2541 1728 2564 non
1759 2529 1936 2574 aliquibus

181 2587 321 2619 tantum
354 2585 548 2630 provinciis
583 2585 676 2626 suis,
715 2585 777 2618 sed
814 2583 977 2617 omnibus
1013 2582 1241 2627 praescribit;
1282 2583 1313 2616 2.
1350 2594 1370 2616 a
1407 2582 1548 2616 Canisio
1583 2583 1823 2628 conscriptum
1858 2594 1936 2618 esse

182 2639 313 2672 diserte
349 2638 529 2678 enuntiat;
569 2638 600 2672 3.
637 2637 835 2682 compendii
873 2647 1013 2680 quoque
1049 2636 1264 2669 mentionem
1299 2636 1405 2675 facit,
1444 2635 1537 2679 quod
1572 2648 1616 2669 ex
1656 2635 1837 2677 „Sunnna‘
1878 2648 1936 2670 ex-

184 2691 397 2726 trahendum
416 2691 616 2731 curaverit;
643 2692 675 2725 4.
702 2690 889 2733 utriusque
908 2688 1117 2723 catechismi
1143 2688 1336 2732 evulgandi
1362 2688 1590 2733 privilegium
1609 2689 1771 2723 Materno
1790 2688 1937 2724 Cholino

305 2837 315 2856 ¹
342 2835 378 2869 Si
405 2836 498 2869 enim
528 2835 711 2877 „Summa“
743 2835 862 2869 italice
890 2834 1061 2868 vertenda
1088 2837 1183 2873 erat,
1220 2846 1282 2868 cur
1316 2846 1384 2868 non
1420 2846 1525 2869 versa
1559 2838 1614 2869 est
1640 2847 1684 2869 ex
1710 2835 1840 2877 latino,
1879 2835 1938 2879 qui

185 2901 302 2925 sermo
329 2888 449 2923 italico
476 2888 588 2922 multo
614 2888 763 2922 similior
789 2890 854 2927 est,
882 2899 987 2930 quam
1015 2888 1271 2931 germanicus?
1322 2888 1367 2921 Et
1393 2888 1475 2931 quid
1502 2888 1567 2921 sibi
1595 2890 1679 2922 tunc
1706 2888 1832 2922 volunt
1857 2900 1939 2933 que-

185 2943 281 2977 relae
306 2942 389 2976 illae
417 2942 459 2975 de
489 2941 692 2983 „mutilato“
724 2941 812 2974 libro
839 2943 874 2973 ct
904 2940 1186 2984 τ,111111011001()“Ῥ

305 2996 318 3016 2
344 2996 602 3039 Imperatorum
638 3005 679 3028 ac
706 2994 844 3037 Regum
871 2992 904 3026 S.
933 2993 1074 3037 Imperii
1110 2993 1493 3028 Romano-Theutonici
1529 2993 1725 3035 Recessus,
1761 2994 1939 3028 Constitu-

187 3049 303 3084 tiones
330 3076 336 3083 .
365 3076 371 3082 .
401 3075 407 3082 .
435 3048 485 3081 111
515 3046 754 3090 (Francofurti
781 3046 824 3079 ad
850 3046 1015 3080 Moenum
1046 3047 1162 3088 1713),
1190 3047 1386 3080 566—567.

307 3102 320 3122 ³
346 3099 628 3144 Evangelisches
654 3098 880 3133 Oesterreich
912 3098 1113 3143 (Hamburg
1141 3099 1245 3141 1732)
1276 3099 1362 3133 Beil.
1390 3101 1421 3140 2,
1448 3111 1480 3144 p.
1512 3100 1657 3134 10—1‘2.

307 3156 320 3175 4
347 3153 616 3189 Catechetische
644 3152 858 3187 Geschichte
886 3153 947 3186 der
974 3151 1230 3186 Paebstischen
1257 3152 1387 3186 Kirche
1416 3152 1521 3196 (Jena
1551 3153 1655 3197 1753)
1684 3165 1716 3198 p.
1743 3153 1939 3187 275—279.
