2113 3430
848 191 877 225 1.
904 191 1040 236 Aprilis
1068 191 1168 225 1546.
1803 198 1882 238 177

751 307 1264 350 REVERENDISSIMO

512 383 576 424 IN
608 383 849 425 OHRISTO
882 383 1057 425 PATRI
1088 383 1159 425 AO
1192 383 1420 426 DOMINO
1454 385 1505 426 D.

291 458 545 501 Sebastiano
577 459 911 514 Archiepiscopo
943 460 1279 512 Moguntinensi,
1314 460 1427 502 sacri
1459 461 1563 515 Imp.
1597 462 1720 505 Rom.

368 538 445 578 per
478 524 751 566 Germaniam
784 524 1190 575 Archicancellario,
1223 525 1411 579 Principi
1443 526 1647 577 Electori,

470 592 549 631 etc.
583 589 765 631 Domino
799 603 876 630 5110
909 589 1132 631 00161111155.
1166 590 1322 632 Petrus
1355 590 1549 632 Canisius

584 654 882 707 Nouiomagus
914 653 1102 707 gratiam
1135 657 1178 696 et
1211 669 1362 708 pacem
1394 655 1437 696 in

774 719 942 761 Christo
974 721 1243 773 perpetuam.

247 794 414 836 PRodit
444 794 487 835 in
519 795 658 836 lucem
690 794 804 836 omni
834 795 930 836 luce
953 795 1109 837 clarior
1130 796 1419 847 CYRILLVS,
1454 799 1498 838 et
1520 797 1689 850 quidem
1712 798 1890 841 faustis-

129 859 247 901 simis
286 859 373 902 tuis
414 859 616 913 auspicijs
646 859 790 913 prodit
821 859 1018 902 Antistes
1050 860 1384 903 1ῗί6116161111155.1
1426 861 1612 913 scilicet,
1656 865 1705 905 vt
1736 864 1890 905 Archi-

130 924 376 979 episcopum
408 925 529 966 velut
559 924 821 978 postliminio
854 939 1076 966 reuersum
1098 925 1457 981 Archiepiscopus
1490 927 1692 982 excipiat,
1726 928 1888 975 foueat,

130 989 336 1032 defendat
369 1004 418 1031 ac
448 993 604 1032 seruet.
667 989 848 1032 Poterat
879 1004 983 1031 sane
1015 989 1082 1031 vir
1114 990 1411 1044 Apostolicus,
1446 992 1518 1044 qui
1550 1007 1662 1034 nunc
1694 994 1815 1036 venit
1846 995 1890 1035 in

129 1058 228 1097 tuos
251 1055 510 1109 complexus,
544 1055 613 1096 vel
644 1054 688 1095 in
720 1054 860 1096 media
891 1055 1152 1109 perfidorum
1183 1055 1371 1098 hostium
1404 1057 1495 1098 acie
1528 1060 1649 1099 tutus
1670 1057 1887 1101 incedere:

130 1122 303 1174 poterat
325 1134 384 1170 se,
417 1133 656 1172 nomenque
678 1134 802 1161 suum
824 1119 915 1161 sine
937 1122 1134 1173 patrono,
1168 1120 1260 1162 sine
1282 1121 1450 1163 Vindice
1479 1122 1604 1173 tueri,
1639 1138 1691 1165 ne
1713 1138 1891 1177 prorsus

132 1184 271 1227 alieno
312 1185 391 1227 niti
421 1184 635 1239 praesidio
668 1184 902 1226 videretur.
965 1184 1035 1227 Fit
1067 1187 1234 1235 tamen,
1278 1185 1420 1227 nescio
1455 1201 1536 1240 quo
1569 1191 1719 1242 pacto,
1764 1204 1890 1242 prae-

132 1250 281 1292 sertim
326 1251 407 1292 hac
450 1251 596 1292 aetate
640 1252 810 1299 nostra,
857 1251 906 1291 vt
950 1250 1145 1303 quamuis
1188 1264 1266 1304 per
1309 1265 1355 1292 se
1399 1251 1567 1304 fulgeat
1611 1254 1682 1294 Vel
1725 1254 1891 1296 autoris

132 1315 334 1368 dignitas,
368 1315 437 1356 Vel
470 1314 611 1368 operis
642 1314 860 1365 maiestas,
896 1314 1093 1356 alicunde
1125 1314 1206 1356 viri
1240 1316 1554 1369 praecellentes
1585 1318 1889 1361 adhibeantur:

133 1380 217 1433 qui,
252 1394 336 1433 qua
366 1379 530 1434 pollent
562 1379 812 1428 autoritate,
846 1379 972 1420 simul
1005 1382 1048 1421 et
1079 1380 1162 1421 fide
1195 1380 1522 1434 prudentiaque,
1557 1381 1636 1423 sibi
1670 1383 1890 1426 dedicatos

132 1445 263 1486 libros
294 1448 386 1487 tum
418 1444 658 1494 illustrare,
701 1447 793 1486 tum
833 1458 1109 1498 propugnare
1141 1459 1226 1486 non
1257 1445 1398 1487 minus
1431 1446 1587 1498 velint,
1632 1462 1759 1500 quam
1791 1463 1891 1502 pos-

132 1509 230 1552 sint.
294 1509 388 1551 Hoc
427 1509 561 1562 igitur
600 1509 713 1559 iure,
757 1508 856 1562 quia
888 1510 939 1551 D.
974 1509 1214 1552 OYRILLO
1251 1510 1501 1563 deligendus
1541 1515 1636 1554 erat
1666 1516 1889 1566 patronus,

131 1578 180 1617 tu
221 1588 316 1616 cum
355 1574 505 1628 primis
547 1574 792 1624 occurristi,
833 1576 987 1616 tantae
1028 1575 1276 1617 autoritatis
1317 1575 1404 1626 vir,
1448 1579 1636 1629 quantae
1672 1577 1748 1619 vix
1779 1579 1892 1620 vllus

131 1640 245 1693 apud
270 1639 506 1681 Germanos
529 1639 651 1689 alius,
686 1654 815 1692 quum
839 1639 897 1680 sis
918 1654 1022 1681 Vere
1050 1639 1136 1681 illis
1158 1639 1626 1684 Archicancellarius2:
1662 1642 1753 1684 eius
1778 1643 1890 1693 fidei,

132 1719 216 1758 qua
245 1704 418 1759 plurimi
449 1719 533 1746 non
566 1704 851 1758 antiquiorem
883 1704 927 1745 in
948 1704 1283 1759 Archiepiscopo
1308 1705 1615 1758 desiderarent,
1650 1722 1735 1749 non
1767 1723 1891 1762 spec-

132 1769 336 1812 tatiorem
366 1769 410 1811 in
442 1770 643 1812 Electore
676 1769 943 1824 acciperent:
980 1770 1162 1823 denique
1194 1772 1284 1812 tam
1318 1772 1462 1813 exacti
1493 1771 1650 1826 iudicij,
1685 1776 1729 1815 et
1761 1773 1892 1826 (quod

132 1834 176 1876 in
209 1834 440 1877 Germania
480 1835 675 1889 prodigio
718 1835 854 1876 simile
886 1834 1076 1887 videtur)
1117 1838 1206 1878 tam
1249 1835 1480 1888 singularis
1521 1837 1743 1880 doctrinae
1773 1839 1893 1893 prin-

133 1914 254 1955 ceps,
296 1902 346 1942 Vt
385 1899 429 1941 111
468 1900 548 1942 1100
581 1899 951 1942 exulceratissimo
994 1901 1136 1942 seculo
1169 1915 1327 1954 magna
1360 1902 1571 1955 quaedam
1603 1917 1701 1957 spes
1732 1903 1894 1946 habeat

132 1965 298 2006 animos
329 1965 537 2006 bonorum
571 1965 781 2015 omnium,
823 1965 916 2006 fore
948 1968 997 2007 vt
1030 1965 1233 2007 discussis
1265 1967 1621 2020 teinpestatibUS‚
1664 1982 1741 2022 per
1771 1971 1893 2011 tuam

132 2029 457 2084 amplitudinem
499 2029 711 2072 serenitas
751 2030 896 2080 nobis,
940 2033 984 2072 et
1023 2030 1317 2083 tranquillitas
1359 2031 1579 2074 Ecclesiae
1619 2033 1889 2076 restituatur.

131 2094 200 2136 Ad
233 2109 328 2136 eam
359 2108 450 2136 rem
483 2098 584 2148 apte
617 2095 939 2145 conficiundam,
974 2095 1159 2148 quodam
1181 2096 1421 2137 CYRILLO
1446 2096 1645 2139 nimirum
1673 2112 1778 2152 opus
1812 2101 1891 2149 est,

131 2162 181 2202 vt
213 2159 284 2213 qui
315 2173 469 2201 reuera
500 2159 557 2202 sit
590 2161 765 2215 κύριλυς.
826 2159 940 2201 Nam
972 2159 1035 2202 ita
1068 2160 1221 2202 Graeci
1253 2161 1491 2202 masculum
1524 2165 1682 2204 vocant
1714 2163 1891 2216 halcyo-

132 2225 272 2275 1161113,
306 2238 430 2266 auem
454 2226 572 2266 certe
594 2239 680 2266 non
702 2239 854 2279 parum
877 2225 1158 2279 auspicatam,
1193 2231 1236 2267 et
1262 2225 1390 2268 laetis
1413 2226 1635 2269 effectibus
1667 2227 1891 2279 illustrem,

253 2383 263 2402 ¹
289 2382 391 2416 Nunc
418 2382 559 2425 quidem
585 2381 753 2415 librorum
781 2382 1016 2425 scriptoribus
1043 2393 1063 2415 a
1089 2381 1290 2426 bibliopolis
1315 2382 1375 2416 Vel
1399 2382 1567 2416 librorum
1608 2383 1892 2427 redemptoribus

132 2435 282 2479 pecunia
316 2434 378 2468 illa
413 2435 536 2476 datur,
573 2446 679 2478 quam
719 2434 984 2476 „honorarium
1023 2435 1183 2469 dicimus.
1235 2435 1334 2469 Tunc
1369 2437 1489 2469 autem
1525 2436 1559 2469 id
1585 2436 1767 2470 insolitum
1794 2439 1891 2477 erat;

133 2487 338 2522 auctoribus
364 2487 444 2521 libri
470 2487 605 2531 aliquot
624 2487 808 2521 dabantur.
844 2487 896 2521 De
916 2488 1051 2531 reliquo
1070 2488 1106 2521 111
1125 2500 1213 2533 opus
1231 2500 1334 2521 suum
1354 2488 1505 2533 principi
1524 2489 1630 2522 alicui
1649 2489 1706 2522 vel
1726 2489 1891 2534 episcopo

132 2540 191 2574 vel
216 2540 315 2574 urbis
341 2540 481 2574 senatui
507 2540 728 2581 dedicabant,
756 2552 776 2574 a
795 2552 862 2584 quo
881 2552 919 2574 se
937 2553 1101 2575 nummos
1120 2541 1177 2574 vel
1196 2541 1357 2575 favorem
1376 2543 1410 2574 et
1428 2542 1663 2586 patrocinium
1683 2544 1892 2586 accepturos

132 2594 336 2639 sperabant.
386 2592 488 2627 Hanc
513 2604 599 2627 suae
626 2593 755 2627 aetatis
781 2594 1074 2628 consuetudinem
1109 2594 1217 2628 etiam
1244 2594 1409 2628 Canisius
1440 2594 1475 2627 111
1512 2594 1691 2638 plerisque
1726 2595 1891 2639 operibus

132 2647 207 2681 suis
233 2646 395 2680 servavit
424 2646 581 2689 (ΕΙ-ἱράν.
609 2647 728 2690 KQ),
756 2646 971 2680 Geschichte
998 2648 1060 2681 1105
1086 2646 1292 2681 Deutschen
1319 2647 1572 2681 Buchhandels
1598 2648 1759 2692 [Leipzig
1787 2648 1890 2691 1886]

132 2711 166 2744 p.
194 2699 391 2733 312—319.
426 2700 707 2743 Bramzsberyer,
735 2699 989 2733 Katechismen
1017 2700 1078 2733 (les
1104 2700 1241 2743 seligcn
1268 2699 1398 2733 Petrus
1425 2700 1589 2733 Cauisius
1615 2712 1647 2744 p.
1677 2701 1890 2744 160—166).

253 2752 266 2772 2
291 2751 592 2797 Archiepiscopus
618 2752 849 2794 moguntinus
877 2764 894 2785 e
920 2755 1058 2796 septem
1084 2752 1155 2786 illis
1187 2753 1423 2797 „principibus
1450 2753 1683 2787 electoribus“
1713 2756 1806 2795 erat,
1834 2755 1893 2798 qui

133 2805 262 2839 ceteris
287 2805 425 2850 imperii
452 2804 672 2849 principibus
698 2805 930 2849 praestabant
955 2805 1172 2849 specialibus
1198 2805 1334 2839 iuribus
1360 2805 1632 2849 ctp1·ivilcgiis;
1659 2806 1735 2851 ipse
1753 2807 1892 2852 imperii

133 2858 469 2892 archicancellarius
495 2860 572 2892 erat
606 2869 669 2902 pro
696 2858 906 2898 Germania;
941 2858 1017 2902 ipse
1053 2858 1224 2892 electores
1259 2858 1480 2892 convocabat
1514 2859 1557 2892 ad
1598 2871 1738 2903 „regem
1765 2861 1891 2894 Roma-

133 2912 277 2945 norum“
307 2911 530 2954 eligendum3
568 2911 643 2955 ipse
679 2910 713 2943 in
750 2910 903 2945 comitiis
940 2911 1077 2955 imperii
1117 2911 1286 2954 „collegio
1322 2910 1522 2955 principum
1548 2911 1760 2946 clectorum“
1790 2925 1890 2958 prae-

134 2964 283 2998 sidebat.

253 3018 265 3036 ³
290 3017 423 3051 Alcedo
468 3017 581 3061 ispida
626 3017 718 3061 apud
758 3016 971 3057 liiunaeum,
1016 3017 1144 3061 alcyon
1189 3017 1282 3061 apud
1327 3018 1471 3061 poetas,
1511 3017 1700 3061 Eisvogel,
1744 3019 1890 3053 martin-

135 3069 307 3114 pecheur3
335 3070 428 3115 apud
455 3070 610 3105 Graecos
636 3070 707 3114 κήξ,
735 3070 842 3114 κήῐὶξ,·
867 3069 1055 3114 alcyonum
1081 3081 1158 3103 mas
1186 3084 1228 3098 Ξ
1254 3070 1419 3114 κηρύλος,
1447 3071 1574 3114 atque,
1601 3073 1641 3104 ut
1666 3073 1891 3114 grammatici

138 3122 272 3166 aliquot
296 3125 439 3157 veteres
465 3123 719 3168 opinal.)antur,
747 3122 855 3156 etiam
880 3123 1036 3166 κειρύλος
1064 3123 1192 3165 (Hem.
1221 3124 1392 3166 stephane?
1417 3122 1624 3157 Thesaurus
1650 3136 1800 3167 graecae
1827 3125 1890 3158 lin-

138 3186 241 3218 guae,
267 3175 344 3210 edd.
370 3175 467 3210 Hase
494 3179 530 3210 et
555 3175 738 3218 Dindorfii,
768 3176 813 3209 [V
841 3175 1004 3219 [Parisiis
1032 3176 1148 3220 1841]‚
1177 3175 1438 3219 1517—1518).

207 3239 513 3273 Braunsberger,
533 3241 644 3266 Canisii
662 3241 819 3272 Epistulae
839 3241 868 3265 et
888 3241 972 3266 Acta.
996 3241 1018 3266 1.
1574 3238 1613 3268 12
