2113 3430
211 185 231 225 7
239 186 292 226 26
867 179 1024 213 Monuni.
1053 179 1229 223 (ingolst.)
1260 180 1314 214 79.

207 301 344 331 selanus
363 298 496 339 Sti-any
515 295 548 329 S.
569 295 613 335 J.,
640 295 675 328 in
702 294 919 340 apographo,
947 295 1039 339 quod
1066 306 1096 328 a.
1119 294 1209 328 1626
1236 295 1272 328 in
1290 305 1462 339 processu
1479 294 1757 330 beatificationis
1777 296 1911 331 Canisii
1928 297 1973 331 ab

208 351 371 395 episcopo
390 348 597 392 frisingensi
616 348 781 383 instituto
799 348 1002 393 proposuit;
1031 348 1132 382 cuius
1151 347 1365 392 exemplum,
1392 350 1475 382 ante
1493 359 1524 382 a.
1547 349 1635 384 1656
1653 349 1837 394 scriptum,
1865 351 1922 384 est
1938 350 1974 384 in

212 402 361 438 .*Actis
386 401 662 435 beatificationis
690 400 842 435 Canisii“
872 401 911 435 P.
939 401 973 442 Ι,
1000 401 1042 435 X.
1072 400 1141 442 Eb,
1177 400 1265 435 fasc.
1293 400 1323 443 Ι,
1352 401 1372 435 3
1391 412 1422 435 a.
1473 401 1586 447 Typis
1612 402 1830 447 descriptum
1857 405 1913 437 est
1937 403 1974 437 in

211 457 407 490 ,Posftfone
432 466 540 500 super
566 455 779 489 virtutibus“
812 454 947 489 Summ.
975 466 1008 499 p.
1037 455 1090 489 71.

325 538 551 587 [pessel-stadii
591 539 627 574 in
667 539 861 575 amlitorio
899 538 1096 587 theoloyltfo
1134 538 1266 575 laudes
1308 539 1515 586 insicsne‘um
1556 540 1637 576 eius
1663 541 1859 588 facultatis·
1881 552 1974 589 pro-

204 599 390 645 fessorum
432 598 641 646 ‹less-ripam
682 598 732 634 rel
770 599 895 644 potius
934 598 1100 646 depietae
1137 602 1245 634 erant
1262 598 1282 634 ¹.
1340 596 1448 634 Inter
1477 610 1572 646 quas
1600 599 1688 636 haec
1717 605 1798 637 erat
1827 601 1974 637 (wamia

209 658 379 694 Iamlatio
390 670 402 692 .·

767 708 966 746 PETRUS
998 708 1239 746 CANISIUS
1270 709 1306 746 S.
1337 708 1398 746 J.³

326 784 608 833 Neomagensis
647 798 666 822 e
708 784 887 831 Geldria,
931 784 996 822 SS.
1033 784 1270 833 Theologiae
1310 785 1479 830 Doctor,
1521 784 1669 834 primus
1708 798 1728 822 e
1767 785 1972 824 Germanis

208 843 417 881 Societatis
447 844 567 881 IESV
597 843 866 892 Religiosush:
898 845 946 881 ob
975 844 1168 893 insignem
1199 844 1318 881 animi
1346 844 1663 890 moderationem,
1699 846 1972 891 constantiam,

207 915 253 940 ac
282 903 526 952 prudentiam
538 908 560 947 ⁰,
592 916 615 940 a
645 903 812 941 Summis
842 903 890 941 ad
921 916 1071 941 summa
1100 916 1178 940 non
1207 917 1295 940 raro
1326 903 1490 949 missus,
1521 907 1699 949 vocatus,
1729 905 1972 953 postulatus:

207 975 229 999 a
260 962 464 1000 Guiliehno
495 962 561 1000 IV.
592 961 815 1000 Bavariaed
853 963 963 1000 Duce
1002 962 1051 1000 ad
1088 963 1190 1000 hanc
1227 963 1501 1009 Academiam,
1541 962 1582 1000 in
1620 976 1695 1012 qua
1732 963 1973 1002 Professoris

207 1021 416 1069 Theologi,
447 1021 777 1072 Procancellarij,
808 1026 846 1060 et
875 1021 1078 1059 Hectorise
1107 1035 1265 1059 munere
1295 1022 1473 1068 functus;
1504 1023 1552 1060 ab
1584 1022 1738 1060 Othone
1768 1022 1973 1060 Cardinale

207 1085 243 1118 et
274 1078 489 1130 Episcopor
513 1082 747 1130 Augustano
778 1082 827 1119 ad
857 1082 918 1120 S.g
949 1081 1159 1120 Concilium
1192 1081 1473 1127 Tridentinum,
1507 1094 1530 1119 a
1559 1081 1698 1120 Carolo
1729 1082 1774 1120 V.
1804 1082 1973 1131 Impera-

206 1144 290 1177 tore
319 1139 357 1177 in
398 1153 518 1178 causa
548 1140 765 1189 Religionis
795 1140 1076 1187 XVormatiam,
1116 1142 1164 1178 ab
1193 1142 1434 1190 Imperatore
1463 1141 1709 1178 Ferdinando
1739 1141 1972 1189 Augustam,

207 1202 323 1248 atque
345 1199 393 1236 ad
413 1199 694 1249 Episcopatum
715 1200 993 1247 Viennensem,
1016 1213 1128 1250 quem
1147 1200 1359 1246 recusavit,
1382 1214 1405 1238 a
1425 1200 1494 1238 Pio
1510 1200 1577 1238 IV.
1592 1200 1783 1238 Pontifice
1799 1200 1971 1238 Maximo

206 1259 255 1296 ad
275 1258 409 1296 Fidem
429 1259 468 1296 in
491 1258 702 1297 Germania
722 1259 962 1308 Poloniaque
975 1255 988 1275 ¹¹
1004 1261 1017 1281 ²
1041 1258 1395 1309 propugnandam&
1421 1259 1526 1297 nonk
1547 1263 1699 1298 tantum
1720 1260 1971 1298 concionibus

206 1317 396 1364 assiduis,
438 1318 505 1356 sed
534 1318 656 1356 variis
687 1318 806 1356 etiam
834 1318 943 1356 libris
974 1332 1043 1368 pro
1073 1319 1188 1365 Fide,
1230 1322 1268 1357 et
1302 1319 1449 1368 pietate
1480 1318 1594 1357 editis
1623 1319 1764 1368 ubique
1791 1332 1873 1357 rem
1903 1319 1971 1357 Ca-

204 1377 390 1415 tholicam
428 1378 631 1426 promovit.
689 1379 861 1416 Tandem
901 1379 1167 1416 admirabilem
1207 1378 1437 1416 Sanctitatis
1477 1379 1698 1428 opinionem
1737 1382 1970 1417 consecutus

205 1436 387 1486 Friburgi
416 1437 686 1475 Helvetiorum
715 1438 962 1476 innocentem
992 1438 1160 1476 animam
1181 1438 1264 1476 Deo
1293 1438 1462 1476 reddidit
1484 1451 1586 1476 anno
1609 1439 1722 1476 1597.
1744 1439 1887 1476 aetatis
1910 1439 1970 1476 77.

323 1524 426 1558 Anno
456 1525 544 1559 1729
571 1524 846 1559 universitatem
870 1524 1189 1568 ingolstadiensem
1216 1536 1236 1559 a
1262 1524 1456 1559 Benedicto
1482 1524 1577 1559 XIII.
1605 1525 1772 1570 petiisse,
1802 1527 1843 1559 ut
1869 1524 1971 1560 Cani-

205 1577 280 1611 sius
306 1577 386 1611 albo
412 1577 605 1612 Beatorum
631 1578 906 1619 inscriberetur,
938 1579 1094 1612 testatur
1119 1579 1282 1612 Mederer
1305 1578 1329 1613 l.
1356 1589 1385 1612 c.
1412 1578 1456 1619 II,
1485 1579 1561 1612 151.
1612 1578 1771 1613 Litterae
1798 1578 1972 1623 Eystadio

205 1630 236 1664 2.
256 1630 348 1665 Iunii
368 1631 458 1665 1729
477 1631 590 1672 datae,
619 1631 747 1675 quibus
764 1631 792 1665 F
795 1631 978 1666 ranciscus
996 1630 1200 1665 Ludovicus
1219 1630 1361 1665 Schenk
1387 1631 1430 1665 de
1452 1631 1596 1672 Castell,
1624 1632 1812 1677 episcopus
1839 1634 1970 1676 eystet-

205 1684 338 1725 tensis,
365 1684 458 1718 idem
485 1684 682 1734 pra-estitit,
710 1685 826 1718 editae
852 1687 936 1719 sunt
962 1684 998 1718 in
1029 1683 1330 1726 „PastoraI-Blatt
1356 1685 1418 1719 des
1444 1685 1630 1720 Bisthums
1656 1684 1854 1719 Eiehstatt“
1884 1684 1971 1718 VIII

324 1811 337 1824 ²
360 1807 452 1840 Rad.
479 1807 580 1840 Proc.
606 1808 689 1849 fri-5.
717 1808 809 1840 Med.
836 1816 902 1841 om..
929 1806 963 1840 S.
992 1807 1024 1841 J.

323 1857 337 1877 ¹³
359 1859 539 1902 religiosis
574 1871 658 1894 uere
693 1871 886 1904 germanus
923 1861 1023 1894 Proe.
1065 1861 1147 1903 fris.
1200 1862 1308 1904 Apud
1344 1862 1523 1894 Raderzcm
1560 1862 1644 1894 haec
1677 1866 1895 1905 sequnntur:
1928 1872 1970 1895 ac

206 1911 331 1946 deinde
358 1913 471 1947 eidem
491 1913 659 1947 Societati
688 1913 722 1947 in
742 1913 934 1948 Germania
960 1914 1096 1958 primus
1114 1913 1349 1948 Prouincialis
1368 1913 1611 1959 praepositus,
1638 1914 1681 1948 ab
1708 1915 1784 1959 ipso
1805 1915 1844 1949 B.
1864 1914 1971 1949 Patre

205 1966 357 2000 IGNATIO
384 1966 426 1999 ob
453 1966 631 2010 insignem
657 1973 715 2001 ete.
754 1968 890 2000 Eadem
915 1972 997 2000 sunt
1025 1970 1059 2001 e'n
1080 1968 1181 2001 Proe.
1206 1968 1301 2011 fris„
1330 1969 1400 2001 nisi
1425 1969 1518 2011 quod
1543 1970 1714 2011 sere'ptmn
1740 1973 1807 2002 est:
1833 1968 1876 2002 ab
1895 1968 1971 2013 ipso

206 2019 244 2053 B.
271 2019 310 2053 P.
338 2019 478 2062 Ignatio
504 2019 620 2054 datus.

324 2077 334 2091 ⁰
360 2073 609 2114 constantiam,
635 2073 862 2118 prudentiam
888 2075 980 2107 Rad.
1007 2075 1108 2108 Proc.
1134 2076 1216 2116 fris.

324 2125 338 2144 ἃ
362 2126 550 2170 vtriusque
577 2127 753 2161 Bauariae
779 2128 871 2161 le.
899 2128 1000 2161 Proe.
1026 2128 1108 2170 fris.

324 2185 335 2198 e
362 2180 581 2214 professoris
607 2180 824 2224 Theologiae
851 2182 887 2214 et
913 2180 1076 2214 Rectoris
1107 2182 1209 2215 Proe.
1234 2182 1316 2223 fris.

325 2232 334 2251 f
361 2233 552 2273 Cardinali,
580 2233 756 2278 Episcopo
784 2235 899 2276 Rad,
926 2234 1107 2268 Cardinali
1134 2234 1309 2279 Episcopo
1336 2236 1437 2269 Proe.
1463 2236 1544 2278 fris.

324 2293 335 2311 ’τ’
360 2286 419 2320 SS.
447 2288 548 2321 Ρνοσ.
574 2289 654 2329 fris.
778 2286 791 2306 *¹
816 2286 1008 2321 Germania
1035 2299 1076 2321 ac
1101 2287 1250 2321 Polonia
1276 2289 1367 2322 le.
1407 2289 1508 2322 Proc.
1533 2290 1614 2331 fre's.

324 2339 329 2359 ¹
359 2340 628 2384 propagandam
655 2342 721 2374 etc.
749 2341 866 2382 Racl.‚·
892 2340 1188 2385 propugnandam
1214 2342 1481 2386 propagandam
1509 2343 1575 2375 ete.
1604 2342 1705 2374 Proc.
1730 2342 1812 2383 frix.

324 2392 338 2412 k
360 2395 546 2427 liuderus:
571 2393 663 2427 Dum
683 2395 718 2427 ct
735 2393 848 2428 sacris
875 2393 1113 2436 concionibus,
1140 2394 1249 2428 etiam
1267 2395 1360 2439 apud
1380 2395 1618 2439 Imperatores
1636 2396 1671 2428 et
1690 2393 1806 2428 Duces
1829 2394 1972 2428 assidue

206 2445 347 2482 habitis.
375 2450 409 2480 et
436 2447 546 2480 variis
573 2446 674 2481 libris
700 2459 763 2491 pro
789 2446 869 2488 fide,
896 2459 959 2492 pro
985 2447 1120 2491 pietate
1147 2447 1262 2489 editis,
1289 2459 1363 2481 rem
1388 2447 1608 2481 Catholicam
1634 2447 1784 2481 mirifice
1810 2446 1972 2485 iuuisset.

205 2499 452 2544 pmmouisset,
481 2503 516 2534 et
541 2502 751 2545 perpetuam
778 2500 874 2534 vitae
901 2500 1151 2541 innocentiam,
1183 2503 1217 2534 et
1244 2512 1420 2535 summam
1446 2501 1481 2534 in
1507 2501 1602 2534 omni
1628 2500 1762 2534 virtute
1788 2503 1972 2545 praestan-

204 2553 302 2593 tiam,
322 2552 567 2587 admirabilem
587 2554 790 2588 sanctitatis
811 2553 1011 2599 opinionem
1030 2556 1244 2588 consecutus
1263 2555 1368 2595 esset,
1387 2554 1531 2588 tandem
1546 2554 1711 2597 Friburgi
1725 2553 1971 2588 Heluetiorum

205 2609 367 2640 sanctam
402 2607 555 2640 animam
583 2607 657 2641 Deo
682 2607 837 2641 reddidit
862 2607 918 2641 die
957 2608 1048 2641 festo
1077 2607 1111 2641 S.
1139 2607 1295 2642 Thomae
1322 2607 1496 2652 Apostoli.
1547 2608 1650 2642 Anno
1677 2605 1969 2642 CIO.IO.XCV11.

206 2658 308 2693 Vixit
339 2670 450 2694 annos
477 2659 636 2694 LXXVI.
665 2660 809 2694 Menses
835 2660 913 2694 VII.
951 2661 1025 2694 dies
1052 2660 1148 2695 XIII.
1199 2662 1334 2694 Eadem
1370 2666 1451 2694 sunt
1488 2663 1525 2694 in
1551 2662 1653 2695 Proc.
1687 2662 1786 2705 fris„
1822 2662 1971 2704 exceptis

205 2713 259 2745 his
286 2714 490 2746 lectionibus
516 2714 738 2747 variantibus
749 2726 759 2747 .·
795 2713 883 2747 Cum
910 2715 946 2747 et
971 2714 1085 2747 sacris
1111 2733 1155 2737 —
1183 2714 1225 2748 ob
1252 2716 1462 2759 perpetuam
1488 2733 1534 2737 —
1560 2716 1792 2754 consecutus,
1827 2713 1971 2748 tandem

206 2784 249 2787 ——
276 2765 310 2798 in
338 2765 393 2799 die
420 2785 465 2788 ——
491 2765 621 2800 aetatis
647 2777 733 2800 suae
761 2766 938 2800 LXXVII.
967 2772 996 2800 et
1022 2767 1106 2800 ham·
1134 2768 1236 2801 cerba
1256 2772 1438 2811 postrema
1464 2772 1556 2801 sunt.

327 2899 337 2919 ¹
369 2900 637 2941 ,Monumentaffi
678 2900 739 2934 illa
774 2900 852 2934 sive
893 2901 1111 2946 ,epitaphia'‘
1152 2902 1248 2946 picta
1284 2914 1362 2937 esse
1401 2902 1546 2947 (saltem
1576 2902 1720 2937 saeculo
1765 2901 1876 2944 XVI.)
1925 2913 1969 2935 ex

208 2950 400 2986 rationibus
436 2953 666 2996 pecuniarum
693 2965 713 2987 a
740 2954 914 2988 facultate
939 2954 1142 2999 theologica
1168 2966 1198 2989 a.
1229 2955 1461 2990 1536—-1574
1488 2958 1716 2999 erogatarum
1744 2954 1970 2998 cognoscitur

210 3003 241 3037 ι*
258 3005 396 3043 ,Codex
423 3004 505 3039 Dati
533 3009 565 3039 et
594 3006 761 3051 Acceptj“
793 3009 860 3041 etc.
888 3007 942 3051 [ut
967 3020 1075 3053 supra
1098 3020 1130 3053 p.
1152 3008 1233 3052 713]
1260 3021 1292 3053 p.
1315 3009 1356 3042 16
1383 3011 1418 3042 et
1444 3009 1479 3043 in
1498 3020 1528 3043 a.
1552 3009 1669 3052 1570).
1708 3008 1748 3042 In
1774 3007 1969 3052 appendice

207 3066 314 3099 supra
342 3058 475 3101 scripta
502 3059 546 3092 ‘22
573 3059 744 3093 eiusmodi
777 3060 995 3105 ,epitaphia‘
1033 3061 1183 3096 collecta
1209 3064 1294 3096 sunt
1321 3061 1582 3106 professorum,
1617 3062 1678 3105 qui
1703 3060 1846 3095 saeculo
1873 3060 1967 3095 XVI.

207 3107 421 3151 theologiam
451 3111 659 3153 Ingolstadii
690 3113 926 3147 tradiderunt.

328 3164 338 3180 “-’
368 3162 402 3194 In
430 3163 614 3197 Poloniani
641 3165 805 3199 Canisius
832 3166 963 3201 missus
991 3170 1046 3201 est
1071 3179 1139 3201 non
1167 3179 1185 3201 a
1214 3167 1276 3201 Pio
1304 3167 1375 3209 IV„
1402 3167 1464 3201 sed
1491 3178 1512 3201 a
1538 3166 1650 3201 Paulo
1677 3166 1737 3200 IV.
