2113 3430
222 199 305 240 482
758 191 835 225 156.
871 190 1035 224 Canisius
1061 189 1182 223 Ioanni
1210 189 1252 223 de
1278 189 1443 224 Polanco.

225 312 426 355 ,posterum
445 306 700 350 magistrum*;
728 305 762 338 in
782 305 911 349 quibus
937 304 1124 338 scribitur:
1157 302 1302 345 „Questi
1327 304 1441 346 gierni
1468 304 1604 348 passati
1629 303 1792 338 abbiamo
1818 303 1981 337 ricevuto

222 375 290 398 una
319 363 446 396 lettera
472 359 565 394 della
591 359 730 392 Maesta
751 357 864 401 Regia
891 357 932 391 cd
959 368 1006 391 un
1033 358 1130 391 certe
1156 358 1308 390 trattate
1335 356 1400 390 che
1426 356 1450 390 li
1474 355 1596 390 Nostri
1622 357 1802 391 facessere
1829 368 1891 401 per
1917 365 1982 389 sua

221 414 479 451 commissione.
515 412 583 454 Qui
608 412 638 445 si
664 411 794 445 manda
820 410 975 455 rispesta
1003 409 1037 443 di
1056 410 1155 443 detta
1181 408 1322 450 lettera,
1350 420 1368 442 e
1393 409 1424 442 si
1450 409 1611 443 rimanda
1638 410 1663 443 il
1689 411 1838 444 trattato
1862 419 1982 453 sopra-

221 471 318 504 detto
346 468 440 501 visto
467 468 528 510 qui
555 465 590 499 in
618 465 761 499 Roma.“
785 465 793 484 ¹

1044 562 1166 604 156.

954 660 1250 708 CANISIUS

584 763 648 804 P.
680 760 940 804 IOANNI
971 760 1070 802 DE
1104 757 1444 802 POLANCO
1479 758 1534 802 S.
1567 759 1625 802 J.

845 857 987 894 Vienna
1012 857 1060 893 16.
1087 856 1245 903 Augusti
1271 855 1366 892 1554.

344 948 397 981 Ex
424 944 630 991 apographo
656 942 802 983 recenti,
829 941 1009 986 descripto
1036 953 1080 975 cx
1108 940 1343 985 autographo.

343 998 609 1045 Apegraphum,
635 995 781 1031 saecule
807 995 920 1028 XVII.
951 994 1006 1038 (ut
1031 994 1189 1037 videtur)
1219 993 1367 1035 factum,
1395 995 1515 1028 exstat
1542 993 1577 1026 in
1604 993 1679 1027 cod.
1707 1004 1842 1026 monac.
1891 992 1986 1034 „Lat

227 1055 351 1094 1606“‚
379 1053 402 1087 f.
434 1049 679 1090 1332—135⁸;
715 1048 753 1083 hi
780 1050 898 1083 autem
934 1048 1003 1082 loci
1038 1048 1074 1081 in
1110 1059 1150 1081 ee
1176 1046 1299 1082 emissi
1325 1048 1428 1081 sunt:
1468 1047 1543 1089 „Ad
1571 1046 1712 1080 aedium
1738 1045 1774 1079 in
1799 1046 1915 1090 patria
1943 1065 1987 1070 ——-

223 1109 366 1142 litterae
393 1105 572 1145 vcstrae“,
603 1103 673 1146 „De
700 1102 880 1136 reddenda
906 1102 1057 1146 pecunia
1084 1120 1129 1124 —
1156 1100 1253 1140 colit,
1280 1112 1345 1134 nec
1371 1100 1584 1134 immerito“.

342 1159 495 1203 Aliquas
520 1156 697 1202 epistulae
722 1157 844 1201 partes
870 1157 1091 1200 proponunt:
1117 1153 1249 1188 latinas
1276 1154 1415 1197 Python
1440 1154 1463 1187 1.
1491 1165 1520 1187 c.
1546 1165 1579 1198 p.
1608 1153 1663 1187 88.
1691 1153 1842 1193 96—97,
1870 1152 1988 1186 italice

225 1224 351 1248 versas
377 1214 503 1255 Boero,
531 1210 672 1245 Canisio
698 1221 731 1254 p.
761 1209 838 1243 110.
867 1208 945 1242 115.
975 1208 1060 1248 116,
1087 1206 1291 1251 germanice
1318 1208 1419 1240 Riess
1443 1207 1466 1240 l.
1494 1218 1522 1240 c.
1550 1219 1582 1251 p.
1613 1206 1809 1240 124—125.
1839 1205 1915 1247 120,
1954 1208 1989 1239 et

225 1269 339 1301 editor
373 1266 409 1300 in
439 1262 735 1307 „Katechismenu
765 1264 832 1296 etc.
869 1273 901 1306 p.
930 1260 1090 1302 22—23;
1126 1260 1255 1304 gallice
1282 1262 1309 1294 I.
1338 1261 1388 1293 M.
1417 1261 1452 1294 S.
1479 1261 1713 1304 Dum-aynae,
1748 1258 1907 1293 Histoire
1942 1258 1989 1293 du

228 1320 479 1355 Bienheureux
505 1317 628 1351 Pierre
654 1315 819 1351 Canisius
847 1314 966 1359 (Paris
994 1314 1100 1357 1866)
1130 1326 1162 1358 p.
1192 1313 1388 1348 121—122.

347 1402 391 1435 Se
419 1404 561 1443 partem
597 1397 796 1431 catechismi
830 1407 905 1428 cum
943 1395 1233 1429 culnotatiomhus·
1268 1406 1451 1428 censorum
1487 1395 1666 1437 accepisse.
1730 1393 1805 1427 Cur
1839 1395 1987 1427 alteram

221 1459 361 1499 partem
392 1464 461 1486 non
486 1453 601 1484 vnu'ttat
627 1450 875 1492 eorriyemlam
900 1460 962 1481 nec
988 1459 1111 1481 nomen
1146 1459 1251 1481 suum
1281 1449 1381 1491 operi
1406 1452 1574 1490 apponat.
1625 1448 1797 1480 Lainimn
1833 1448 1870 1480 in
1902 1448 1990 1479 Ger-

228 1509 387 1541 numiam
422 1507 513 1539 mim
548 1505 653 1547 cupit.
704 1503 919 1545 Episcopum
955 1503 1252 1535 rratistm-iensem
1286 1512 1352 1544 per
1379 1501 1591 1543 Staphylum
1621 1511 1764 1543 ιιι-99110,
1802 1505 1837 1533 ut
1864 1500 1991 1533 Ne'ssue

229 1562 408 1603 eolleyium
437 1559 621 1591 Societate's
659 1558 881 1589 instituatur.
933 1556 975 1588 In
1012 1555 1141 1588 Silese'a
1181 1565 1289 1598 quam
1325 1554 1451 1596 ‘iniqua
1489 1554 1640 1595 fortuna
1679 1554 1820 1586 ecelesia
1859 1558 1990 1586 utcttur.

234 1615 421 1656 Colleffl'unz
449 1613 632 1644 viennense
657 1621 678 1642 a
705 1620 784 1651 φερε
810 1609 968 1642 dotatum
994 1619 1072 1641 esse.
1122 1608 1248 1641 Ionam
1273 1607 1600 1639 vicemmellaricum.
1626 1607 1771 1649 laudat,
1799 1608 1862 1649 qui
1886 1608 1991 1639 meri-

230 1673 344 1701 torum
374 1665 557 1700 Societatz's
580 1664 759 1707 pce-ticeps
785 1662 887 1695 reddi
913 1662 1002 1694 velit.
1045 1661 1152 1694 Libri
1176 1662 1253 1703 νομί
1272 1660 1444 1703 promissi
1469 1664 1507 1692 ‘m‘
1526 1660 1767 1702 perficiantur
1792 1664 1902 1702 myet.
1940 1660 1993 1693 De

230 1722 331 1753 domo
370 1719 540 1760 Neomays
577 1717 714 1758 oblata,
754 1717 911 1758 episcopo
951 1715 1148 1758 monacensi,
1192 1714 1406 1746 Theoderico
1442 1713 1571 1754 fratre.
1623 1713 1835 1755 Inqolstadie?
1873 1714 1994 1746 Socios

233 1770 463 1817 ‚,‹‘o()perare'“
491 1771 631 1813 debere,
669 1780 737 1801 non
758 1779 931 1811 praeesse.
983 1768 1028 1801 Se
1053 1769 1291 1811 ‹piswpatum
1317 1768 1553 1808 viennensem,
1593 1777 1691 1809 quem
1717 1766 1784 1798 sibi
1809 1766 1994 1799 obtrudere

232 1827 346 1869 velint,
373 1824 623 1867 reformidare.

352 1965 606 2008 Reverende
639 1977 809 2018 semper
840 1962 884 2004 in
915 1961 1084 2004 Christo
1117 1964 1256 2016 pater,
1290 1960 1393 2002 mihi
1425 1960 1608 2002 amande
1639 1960 1882 2014 plurimum.

353 2049 419 2091 Sit
450 2047 671 2090 nobiscum
703 2045 861 2089 Christi
893 2044 1050 2098 gratia,
1085 2047 1129 2086 et
1161 2043 1338 2086 summis
1370 2057 1448 2085 nos
1479 2042 1602 2084 bonis
1634 2044 1807 2096 augeat.
1871 2043 1997 2085 Cate-

236 2114 444 2157 chismum
476 2127 562 2155 una
594 2126 690 2153 cum
722 2110 860 2153 literis
892 2109 1052 2163 accepi.
1087 2112 1131 2151 et
1163 2108 1468 2151 annotationes
1483 2109 1512 2150 2.
1564 2107 1679 2149 Laus
1711 2107 1894 2157 Christo,
1928 2106 1999 2160 qui

236 2179 494 2222 charitatem
526 2179 719 2219 vestram
750 2175 793 2217 in
826 2175 961 2217 tantis
994 2173 1348 2228 occupationibus
1374 2173 1429 2214 ad
1450 2172 1627 2214 humilia
1658 2172 1824 2214 isthaec
1856 2171 2000 2214 studia

236 2247 279 2287 et
319 2245 528 2297 figmenta
568 2245 718 2284 nestra
759 2240 974 2282 censenda
1013 2238 1246 2293 protendit.
1310 2238 1493 2290 Reliqua
1533 2238 1731 2279 lubenter
1767 2236 1998 2285 mitterem,

236 2309 319 2351 nisi
351 2309 405 2350 ad
437 2307 632 2362 praelum
664 2308 764 2360 pest
795 2305 970 2358 longam
1003 2303 1352 2358 expectationem
1384 2305 1591 2355 urgerent
1610 2301 1696 2352 isti,
1729 2303 1778 2343 ut
1808 2301 1922 2343 haud
1945 2301 2001 2343 sit

236 2374 364 2416 facile
396 2372 649 2415 tarditatem
684 2383 892 2412 excusare
925 2371 1132 2411 nestram.
1177 2368 1342 2410 Deinde
1364 2368 1454 2409 RR.
1478 2367 1645 2417 Patres,
1681 2366 1752 2419 qui
1775 2381 1876 2408 suas
1898 2366 2001 2408 mihi

238 2452 392 2493 operas
434 2437 489 2479 ad
528 2435 802 2478 iudicandum
844 2437 888 2476 et
929 2433 1229 2486 corrigendum
1269 2432 1549 2487 pollicentur,
1592 2445 1687 2472 eam
1728 2431 1998 2484 negotiorum

238 2507 483 2546 vestrorum
515 2503 790 2555 praesentem
822 2500 978 2541 molem
1002 2513 1097 2540 esse
1128 2500 1361 2548 testantur,
1395 2500 1443 2539 ut
1470 2511 1553 2538 11011
1586 2496 1789 2550 expediat
1821 2510 1899 2538 vos
1921 2496 2001 2538 hac

239 2568 371 2610 libelli
404 2581 535 2609 causa
566 2565 788 2607 molestari
819 2564 1004 2618 saepius.
1054 2563 1194 2616 Igitur
1225 2563 1334 2615 qued
1369 2576 1446 2616 per
1468 2576 1545 2603 ves
1577 2561 1705 2603 licere
1738 2561 2001 2609 confidimus,

240 2633 387 2687 praelo
419 2631 693 2685 subijciemus
726 2644 836 2683 quae
868 2628 1060 2677 vidistis,
1095 2631 1139 2670 et
1170 2628 1273 2670 item
1305 2626 1560 2681 posteriora,
1593 2626 1762 2679 quande
1794 2625 2003 2668 festinant

240 2701 491 2751 tantopere:
526 2695 770 2747 vestrisque
796 2696 887 2736 tum
920 2694 1132 2748 precibus,
1166 2695 1257 2734 tum
1291 2691 1508 2744 sacrifitijs
1535 2691 1589 2733 ad
1613 2691 1737 2732 deum
1769 2690 1876 2732 fusis
1908 2703 2003 2731 suc-

242 2776 409 2803 cessum
442 2774 610 2802 onmem
645 2760 975 2802 committemus.
1030 2758 1159 2800 Faxit
1191 2756 1550 2799 clementissimus
1583 2755 1790 2805 deminus,
1825 2757 1873 2796 ut
1897 2754 2005 2795 liber

243 2841 336 2867 cum
371 2825 560 2868 utilitate
593 2824 737 2877 aliqua
770 2823 997 2878 perveniat
1020 2824 1074 2865 ad
1096 2823 1175 2864 has
1197 2821 1437 2876 provintias
1458 2823 1525 2863 tet
1547 2819 1684 2861 medis
1715 2819 1758 2860 in
1780 2818 2004 2871 Religiene

245 2890 605 2944 corruptissimas.

245 3020 385 3043 55³1·‹*:11·”
419 3011 583 3044 4101011111(ι
611 3023 640 3043 a.
672 3009 760 3043 1:350
797 3009 890 3042 edite
928 3008 973 3051 (l.
1001 3009 1176 3051 mosam,
1212 3007 1354 3042 Johann
1381 3006 1545 3051 Baptista
1581 3016 1650 3038 ven
1676 3003 1786 3037 Taxis
1813 3002 2001 3047 [Freiburg

248 3063 266 3096 i.
296 3064 351 3096 nr.
384 3063 484 3105 isse!
512 3075 543 3106 p.
574 3063 667 3105 172).

370 3116 375 3134 ¹
406 3116 531 3147 cartas
557 3115 598 3148 ‹le
627 3118 699 3147 San
730 3116 873 3157 [quaeso
900 3114 960 3154 lv,
985 3115 1065 3148 468.
1121 3113 1314 3147 Polancum
1341 3112 1429 3146 haec
1456 3110 1643 3154 scripsisse
1670 3111 1807 3143 certum
1835 3110 1909 3143 fere
1936 3111 2000 3143 cst.

368 3169 379 3185 '·'
407 3169 458 3199 1'1'.
486 3178 592 3210 supra
621 3179 652 3211 p.
680 3168 759 3200 481.
