2113 3430
181 199 264 239 316
814 194 870 229 86.
907 193 1072 227 Canis-ius
1098 193 1132 228 S.
1160 194 1311 238 Ignatio.

977 310 1142 353 Ihesus.

1052 382 1079 433 ἢ.

570 452 826 494 Reverende
858 451 902 493 in
935 452 1105 494 Christo
1138 454 1264 506 pater
1296 452 1554 506 praeposite.

301 530 453 572 Gratia
487 529 646 571 domini
679 529 816 572 nostri
847 529 954 571 Jesu
987 529 1158 579 Christi,
1193 532 1237 572 et
1269 543 1357 582 pax
1388 529 1609 571 nobiscum
1641 535 1864 585 perpetua.

300 594 360 637 Ut
393 594 752 648 quemadmodum
794 594 898 635 iussi
931 609 1100 645 sumus,
1144 608 1195 636 ea
1228 593 1420 635 breviter
1452 594 1736 648 explicemus,
1778 610 1887 649 quae
1921 610 1944 637 a

181 662 329 702 nostro
352 660 396 701 in
420 659 697 702 Germaniam
720 659 913 701 adventu
932 659 1102 701 domino
1126 659 1305 701 favente
1322 659 1390 700 1110
1407 659 1638 713 praecipua
1656 661 1944 714 contigerunt,

181 739 265 767 non
297 739 474 779 prorsus
507 725 584 766 abs
616 739 662 766 re
695 724 840 774 fuerit,
875 739 901 766 a
933 725 1025 766 loco
1058 724 1151 778 ipso
1186 738 1276 766 rem
1309 738 1479 766 omnem
1511 724 1739 778 auspicari.
1802 726 1946 768 Habet

180 790 223 832 in
246 790 385 832 medio
409 804 546 844 paene
570 790 827 832 Germaniae
849 789 1115 831 Catholicam
1140 789 1470 831 universitatem
1502 804 1625 831 suam
1648 790 1735 832 dux
1766 790 1946 833 illustris

181 855 401 905 bavariae,
421 855 620 896 nimirum
638 854 1051 907 Jngolstadiensem,
1073 868 1152 896 nec
1171 868 1266 896 eam
1284 854 1545 896 incelebrem
1563 855 1677 908 apud
1696 856 1945 898 Germanos.

181 921 250 962 Ad
283 935 411 974 quam
443 921 543 961 dum
575 920 958 974 proficisceremur,
992 922 1083 962 tres
1106 919 1223 961 missi
1254 923 1297 962 et
1321 919 1503 973 expetiti
1526 919 1794 973 professores
1825 920 1948 963 theo-

182 985 345 1039 logiae,
384 985 459 1027 filii
490 985 575 1035 tui,
619 985 662 1026 in
695 999 744 1027 eo
778 984 870 1039 ipso
905 985 1077 1038 quidem
1111 985 1165 1026 ad
1199 984 1476 1027 Germaniam
1507 984 1708 1037 ingressu
1741 999 1826 1027 non
1858 986 1949 1027 sine

183 1053 334 1092 favore
379 1050 611 1103 singulari,
659 1050 858 1103 seriaque
904 1049 1280 1103 congratulatione
1325 1064 1473 1091 sumus
1521 1050 1718 1104 excepti:
1766 1050 1949 1104 primum

183 1119 300 1158 certe
345 1131 369 1157 a
412 1115 790 1157 Reverendissimo
833 1115 1061 1157 Cardinale
1102 1115 1384 1168 Augustano:
1431 1114 1584 1156 deinde
1629 1130 1654 1157 a
1695 1115 1949 1157 Reverendo

182 1181 382 1235 episcopo
405 1180 680 1234 Eystettensi
696 1181 723 1231 1,
758 1180 856 1222 hinc
882 1178 972 1234 [31ῧὶ
1005 1194 1030 1222 a
1063 1180 1170 1222 duce
1202 1180 1295 1234 ipso
1329 1180 1396 1222 cui
1429 1194 1455 1222 a
1486 1180 1689 1234 pontifice
1712 1181 1829 1222 Max.
1863 1180 1949 1222 iam

183 1246 252 1288 diu
285 1249 387 1288 ante
419 1245 619 1300 promissi
650 1246 898 1296 fueramus,
932 1245 1211 1296 bavariense,
1245 1249 1465 1299 postremo
1498 1259 1523 1287 a
1555 1248 1650 1287 tota
1682 1246 1763 1287 hac
1795 1246 1950 1298 Jngol—

182 1311 390 1353 stadiensi
423 1310 661 1353 Academia
676 1312 705 1353 2.
768 1311 854 1353 Ubi
896 1325 991 1352 cum
1033 1311 1155 1352 nobis
1197 1310 1427 1352 conciliata
1467 1310 1623 1353 fuisset
1654 1310 1947 1365 professorum

182 1376 505 1427 benevolentia,
550 1379 593 1419 et
634 1379 888 1430 suppeteret
921 1376 1090 1418 abunde
1124 1377 1236 1429 quod
1269 1376 1323 1418 ad
1356 1375 1474 1417 vitae
1511 1379 1682 1430 spectat
1715 1376 1948 1418 commodi-

182 1445 340 1492 tatem,
374 1442 614 1495 coepimus,
649 1455 727 1483 nec
759 1455 843 1483 11110
876 1444 1020 1483 tamen
1056 1441 1145 1491 die,
1180 1441 1389 1482 lectiones
1421 1441 1710 1494 theologicaS,
1745 1455 1946 1495 praesen-

182 1507 298 1549 tibus
342 1506 532 1548 omnium
576 1506 893 1560 professionum
937 1506 1164 1557 studiosis,
1210 1506 1437 1560 auspicari.
1511 1506 1590 1555 Qui
1632 1509 1814 1548 conatus
1857 1509 1947 1549 tam

183 1572 369 1614 feliciter
401 1571 531 1614 cessit
573 1571 753 1624 singulis
786 1575 835 1614 ut
866 1585 952 1613 non
992 1571 1078 1613 levi
1110 1574 1367 1624 argumento
1401 1571 1547 1613 divina
1589 1575 1947 1614 commonstraret

185 1637 355 1679 bonitas
397 1651 442 1678 se
484 1636 703 1690 principiis
744 1636 828 1678 illis
872 1637 1025 1678 adesse
1065 1637 1179 1678 velle
1194 1638 1222 1679 3.
1295 1636 1497 1678 Publicus
1537 1636 1685 1687 favor,
1732 1636 1947 1690 publicum

185 1702 368 1744 accessit
399 1702 693 1744 testimonium
726 1702 858 1744 etiam
890 1701 1007 1756 typis
1040 1716 1270 1743 excussum
1304 1699 1426 1755 [sie],
1469 1715 1604 1743 novos
1644 1701 1872 1755 theologos
1905 1704 1947 1744 et

187 1768 238 1809 ob
271 1768 390 1809 vitae
431 1767 747 1818 sinceritatem,
791 1769 836 1809 et
877 1767 930 1808 ob
973 1766 1195 1809 doctrinae
1236 1781 1340 1808 suae
1372 1767 1687 1820 praestantiam
1729 1780 1803 1808 eos
1837 1780 1945 1816 esse,

185 1832 255 1885 qui
289 1835 542 1886 conceptam
576 1833 628 1874 de
669 1847 715 1874 se
753 1832 942 1874 omnium
983 1832 1333 1886 expectationem
1374 1846 1555 1885 eamque
1586 1831 1822 1874 maximam
1862 1846 1946 1873 non

185 1901 423 1950 aequarent
445 1898 584 1947 modo,
618 1898 693 1939 sed
725 1900 982 1951 superarent
997 1898 1026 1940 4.
1071 1897 1197 1939 Unde
1223 1897 1311 1938 dux
1343 1897 1450 1938 bene
1474 1896 1710 1939 catholicus
1733 1896 1948 1938 Bavariae

186 1962 258 2015 qui
297 1965 389 2004 tum
427 1962 624 2013 vivebat,
672 1965 850 2016 accepto
892 1963 972 2004 hoc
1012 1963 1128 2004 laeto
1170 1975 1393 2012 successu,
1436 1962 1669 2004 lectionum
1711 1975 1947 2011 sacrarum,

188 2042 294 2080 quas
322 2027 404 2069 viri
433 2027 612 2070 maximi
644 2042 788 2069 coram
822 2030 867 2069 et
897 2042 975 2081 per
1005 2027 1178 2070 litteras
1211 2027 1571 2070 commendabant
1603 2041 1680 2081 per
1711 2023 1950 2068 summumb

188 2092 477 2134 consiliarium
510 2094 666 2134 suum5
698 2093 792 2134 fore
823 2092 1042 2146 promisit,
1085 2095 1134 2135 ut
1166 2092 1397 2135 Societatis
1429 2095 1605 2135 nostrae
1638 2093 1865 2145 collegium
1906 2091 1950 2133 in

188 2158 267 2200 hac
301 2157 535 2200 Academia
576 2172 654 2199 sua
687 2157 1038 2200 constitueretur.
1101 2157 1195 2199 Nec
1235 2157 1448 2199 immerito
1480 2157 1648 2211 precari
1680 2158 1789 2199 bene
1822 2157 1950 2199 debet

187 2223 266 2265 hoc
300 2222 388 2278 [ἓ]
428 2226 523 2266 tota
562 2223 756 2265 Societas
796 2222 877 2264 tali
916 2222 1119 2277 principi,
1167 2237 1293 2276 quem
1326 2223 1519 2265 Christus
1559 2222 1674 2264 idem
1716 2222 1788 2275 qui
1828 2222 1950 2263 nobis

305 2339 318 2351 ³
342 2335 427 2367 tunc
443 2338 461 2366 :²

304 2385 318 2405 b
342 2389 403 2419 Sic
429 2388 608 2430 leyemlum
637 2400 706 2420 esse
733 2389 876 2420 omuino
902 2389 1064 2429 z·ae‘‹letm·,·
1098 2398 1201 2421 suum
1228 2386 1470 2421 consiliarium
1497 2398 1601 2421 suum
1628 2398 1750 2430 apogjr.
1779 2391 1948 2420 nostrum.

303 2443 314 2457 ⁰
341 2440 401 2472 Sic
427 2450 549 2483 apoyr.
579 2445 738 2473 nostrum
749 2453 763 2482 ‚·
789 2441 881 2484 (laod
907 2441 1153 2483 corrigyendztm
1182 2452 1250 2473 esse
1277 2441 1435 2473 ridetur:
1461 2439 1560 2474 haec.

308 2546 316 2565 ¹
343 2544 512 2578 Mauritio
539 2545 582 2577 de
609 2544 757 2578 Hutten.

305 2598 318 2618 2
345 2597 526 2638 Quomodo
552 2597 645 2631 Socii
672 2598 814 2642 excepti
841 2597 914 2631 sint
940 2596 1125 2640 Dilingae,
1152 2597 1351 2638 Monachii,
1378 2596 1609 2640 Iiigolstadii,
1645 2595 1829 2641 Eystadii,
1868 2594 1950 2628 vide

187 2651 288 2692 infra,
316 2662 471 2684 monum.
499 2651 555 2684 39.
582 2651 640 2684 41.

306 2705 318 2723 ³
348 2703 570 2747 „Scripserat
589 2702 834 2737 Cancellarius
861 2703 1014 2737 Ecchius
1033 2703 1272 2737 Universitati
1300 2703 1342 2737 de
1369 2702 1581 2745 theologicis
1607 2701 1831 2741 lectionibus,
1859 2712 1949 2744 quae

187 2756 397 2799 ingolstadii
425 2759 528 2789 erant
554 2756 834 2800 praelegendae;
862 2758 964 2789 erant
989 2758 1110 2790 autem
1137 2756 1250 2801 prima
1277 2768 1322 2789 ex
1348 2755 1567 2799 evangeliis,
1594 2755 1750 2789 secunda
1776 2766 1821 2787 ex
1846 2753 1948 2787 Pauli

187 2809 359 2853 epistolis,
386 2810 493 2843 tertia
520 2821 565 2843 ex
591 2809 762 2853 psalterio
789 2809 982 2850 Davidico,
1009 2812 1138 2853 quarta
1164 2822 1209 2843 ex
1235 2809 1411 2852 Magistro
1438 2809 1729 2842 sentent-iaruin.“
1785 2806 1949 2840 Canisius

188 2863 243 2895 26.
270 2862 502 2903 Novembris,
533 2862 588 2903 „in
615 2862 814 2896 studiorum
841 2862 976 2900 initio‘,
1003 2862 1187 2896 Salmeron
1215 2863 1270 2896 29.
1297 2861 1510 2895 Novembris
1537 2861 1669 2895 scholis
1695 2861 1770 2894 suis
1796 2859 1948 2904 praefati

187 2919 280 2948 sunt.
326 2915 448 2955 „Multi
476 2918 596 2948 nutem
623 2926 703 2949 cum
722 2914 874 2949 Doctore
893 2914 1024 2948 Ecchio
1045 2914 1265 2949 Cancellario
1292 2927 1352 2949 eas
1379 2914 1558 2948 orationes
1585 2916 1625 2947 ut
1650 2912 1747 2958 typis
1774 2922 1948 2946 excussat·

189 2966 445 3009 evulgarentur
481 2968 671 3012 petierunt.
727 2967 951 3002 Universitas
979 2995 985 3001 .
1014 2995 1022 3002 .
1050 2995 1057 3002 .
1084 2970 1159 3002 tota
1187 2979 1358 3012 praesens
1383 2968 1543 3001 fuerat“:
1588 2967 1763 3000 Focaneus
1797 2964 1819 2998 1.
1857 2978 1885 2998 c.
1925 2965 1948 2999 1.

188 3021 385 3053 414—415.
437 3021 502 3061 Qui
539 3023 575 3054 et
609 3022 720 3054 refert
754 3021 869 3054 laium
904 3021 1004 3054 initio
1039 3021 1123 3054 novi
1158 3021 1240 3054 anni
1277 3020 1441 3054 Psahnos
1480 3018 1707 3063 exponendos
1746 3018 1948 3062 suscepissn⁴

192 3072 229 3115 (l.
257 3084 286 3106 0.
315 3084 345 3116 p.
365 3074 444 3106 414.
481 3074 533 3107 Cf.
565 3075 804 3107 Orlrmde'nnm
824 3074 846 3107 1.
866 3086 894 3107 c.
915 3074 938 3107 l.
958 3076 988 3115 9,
1007 3086 1039 3107 n.
1059 3075 1123 3108 54:
1151 3075 1345 3117 Radernm,
1373 3072 1457 3106 Can.
1485 3084 1516 3116 p.
1543 3072 1609 3111 453
1636 3071 1840 3113 Ayricolam
1869 3070 1890 3103 l.
1918 3081 1948 3104 0.

191 3137 223 3158 n.
243 3126 318 3164 166,
337 3136 368 3169 p.
389 3126 543 3160 19—20:
564 3128 724 3159 Meaelerer
741 3126 764 3160 l.
784 3138 812 3160 0.
833 3138 865 3171 p.
881 3126 978 3170 214).
1041 3126 1056 3147 4
1073 3126 1149 3160 Hoc
1167 3126 1412 3160 testimonium
1432 3127 1582 3169 ponetur
1599 3123 1702 3164 infra,
1721 3134 1874 3157 monum.
1890 3124 1947 3157 40.

310 3178 322 3197 ⁵
349 3177 568 3211 Leonardnm
598 3179 766 3219 E(·kiuin;
794 3179 838 3213 cf.
866 3190 973 3223 supra
1000 3191 1032 3224 p.
1060 3179 1127 3213 308
1140 3179 1163 3213 ³.
