2113 3430
199 216 284 255 :356
367 212 441 247 107.
471 211 548 245 Sel).
576 211 752 254 Pighinus
779 211 886 245 Petro
913 211 1056 246 Canisio
1083 213 1119 245 et
1143 211 1249 246 Leon.
1278 212 1415 248 Kessel.
1454 215 1507 249 19.
1535 215 1668 260 Aprilis
1697 215 1797 250 1551.

198 329 343 372 dentia
376 328 521 381 Papae
555 329 592 370 13.
640 330 684 369 et
716 327 994 382 Apostolicae
1028 327 1149 370 Sedis
1182 328 1376 371 Nuncius
1417 344 1511 372 cum
1556 334 1774 385 potestate
1806 332 1961 386 Legati

198 396 250 435 «le
283 395 432 436 lutere.

314 463 495 506 Dilectis
528 463 649 505 nobis
683 462 726 504 in
759 462 928 506 Christo
962 463 1092 506 Petro
1125 463 1294 505 Canisio
1327 463 1598 519 Nouiomago
1631 467 1872 522 Theologo,
1916 470 1963 510 et

196 528 420 571 Leonardo
455 528 619 570 Ix'essel.
670 528 948 578 Coloniensis,
984 531 1027 570 et
1058 527 1308 570 Leodiensis
1339 529 1581 583 respectiue
1613 531 1833 575 Dioecesis
1866 534 1960 576 Cle-

199 594 299 635 ricis
333 594 519 636 salutem
552 592 593 634 in
626 592 809 635 Domino
842 592 1164 648 sempiternam.

314 665 515 707 Sincerae
549 663 791 706 deuotionis
824 666 1018 715 affectus,
1054 678 1178 718 quem
1206 678 1310 718 erga
1334 664 1602 716 Sanctorum,
1636 669 1680 708 et
1703 668 1957 711 Sanctarum

195 730 399 783 reliquias
431 743 583 783 gerere
618 729 979 783 comprobamini¹³
1010 744 1087 771 nos
1120 729 1305 779 inducit,
1349 732 1396 771 vt
1429 744 1507 771 vos
1548 731 1803 784 specialibus
1836 733 1957 775 fauo-

193 795 311 836 ribus
353 797 397 837 et
437 795 592 849 gratijs
633 808 969 848 prosequamur;
1013 794 1125 836 Hinc
1168 797 1256 844 est,
1300 795 1411 847 quod
1444 809 1522 836 nos
1555 809 1632 849 per
1664 795 1803 839 dictae
1837 798 1958 840 Sedis

193 860 366 910 literas,
415 859 486 912 (ad
532 874 710 913 quarum
756 859 1037 902 insertionem
1083 874 1166 901 11011
1209 860 1424 913 tenemur)
1472 860 1704 903 sufficienti
1749 861 1957 906 facultate

194 925 346 967 muniti
370 924 503 975 vobis,
539 928 581 967 et
616 924 791 968 cuilibet
814 928 1022 975 vestrum,
1056 928 1105 967 vt
1138 939 1416 978 quascunque
1443 925 1712 976 Sanctorum,
1750 929 1794 969 et
1827 927 1959 969 Sanc-

193 994 337 1032 tarum
379 989 583 1043 reliquias
624 990 769 1040 vobis,
817 993 860 1032 et
901 989 1132 1043 vnicuique
1169 993 1387 1039 vestrum,
1433 993 1482 1032 vt
1520 990 1737 1041 asseritis,
1780 991 1822 1032 in
1865 992 1961 1034 istis

195 1055 472 1103 Germaniae,
508 1058 551 1097 et
584 1054 680 1109 alijs
713 1053 986 1096 inferioribus
1018 1054 1215 1108 partibus
1248 1055 1453 1105 donatas,
1495 1058 1539 1098 et
1570 1055 1851 1109 imposterum
1885 1057 1958 1098 do-

192 1120 357 1162 nandas
389 1120 595 1174 recipere,
631 1122 674 1161 et
708 1120 762 1162 ad
794 1122 942 1174 partes
975 1119 1295 1174 Hispaniarum,
1331 1133 1405 1162 seu
1439 1120 1548 1161 alias
1579 1120 1817 1173 Regiones,
1852 1121 1960 1163 Pro-

193 1185 369 1235 uinciaS,
400 1186 573 1236 Terras,
597 1185 819 1235 Ciuitates,
854 1199 928 1227 seu
952 1185 1048 1227 loca
1073 1185 1126 1227 ad
1150 1199 1260 1238 quae
1283 1199 1373 1236 vos,
1409 1199 1484 1227 seu
1508 1185 1741 1238 quemlibet
1763 1188 1955 1228 vestrum

193 1250 407 1292 declinare
442 1250 694 1304 contigerit,
738 1252 986 1304 asportare,
1031 1253 1074 1292 et
1114 1250 1157 1291 in
1190 1250 1335 1303 aliqua
1366 1249 1584 1295 Ecclesia.
1629 1264 1703 1292 seu
1738 1251 1958 1305 Ecclesijs,

192 1316 388 1369 Capella,
432 1316 501 1357 vel
535 1315 742 1369 CapelliS,
785 1318 860 1357 aut
901 1315 985 1357 alio
1027 1315 1120 1357 loco
1163 1329 1310 1365 sacro,
1353 1315 1423 1356 vel
1465 1315 1600 1357 sacris
1633 1316 1843 1366 oratorio,
1886 1317 1955 1358 vel

192 1380 404 1435 orator-ijs,
439 1380 511 1422 vbi
544 1380 689 1423 debit-a
722 1395 816 1422 cum
850 1380 1095 1423 reuerentia
1127 1383 1410 1430 venerentur,
1445 1394 1675 1434 reponere,
1711 1384 1754 1423 et
1787 1381 1957 1436 deposi-

192 1450 298 1496 tare,
333 1460 407 1487 seu
440 1459 517 1500 per
550 1460 846 1499 quemcunque
879 1445 1030 1496 alium,
1068 1446 1135 1487 vel
1169 1445 1298 1496 alias,
1333 1445 1591 1495 Personam,
1625 1446 1695 1487 vel
1728 1446 1956 1497 Personas,

191 1511 387 1553 idoneam
400 1509 425 1561 ¹⁵,
459 1511 529 1552 vel
553 1511 730 1552 idoneas
762 1510 885 1552 vobis
916 1511 1064 1552 fideles
1097 1511 1151 1552 ad
1183 1510 1262 1552 hoc
1304 1524 1381 1565 per
1413 1525 1490 1551 vos
1533 1511 1776 1564 eligendas⁰
1807 1511 1954 1553 huius-

193 1576 303 1617 modi
336 1576 541 1629 reliquias
573 1576 744 1617 nomine
777 1578 924 1617 vestro
957 1575 1162 1630 recipere,
1197 1579 1241 1618 et
1272 1575 1416 1629 recipi,
1452 1578 1496 1617 et
1528 1575 1639 1618 sicut
1661 1576 1959 1630 praemittitur

190 1641 493 1695 transportari,
522 1640 769 1691 transferri,
805 1643 849 1683 et
880 1640 1043 1695 reponi,
1078 1655 1129 1682 ac
1150 1638 1405 1695 repositarid
1428 1640 1585 1691 facere,
1620 1641 1781 1693 absque
1810 1641 1955 1695 aliquo

192 1706 480 1748 conscientiae
513 1707 727 1761 scrupulo,
762 1709 805 1748 et
839 1706 1018 1748 alicuius
1050 1720 1214 1760 poenae
1237 1705 1571 1748 Ecclesiasticae
1603 1705 1775 1747 incursu
1807 1706 1953 1756 libere,

191 1774 233 1813 et
265 1771 382 1814 licite
414 1772 602 1826 possitis,
638 1775 681 1814 et
713 1771 913 1822 valeatis
948 1785 998 1813 ac
1030 1771 1092 1813 illi
1124 1771 1313 1825 possint,
1348 1785 1397 1813 ac
1430 1771 1607 1813 valeant
1640 1771 1870 1821 licentiam,
1905 1786 1956 1814 ac

191 1837 445 1879 facultatem
479 1837 751 1879 concedimus
783 1836 960 1891 pariter,
995 1840 1037 1879 et
1070 1836 1354 1889 indulgemus.
1400 1836 1499 1877 Non
1533 1836 1804 1878 obstantibus
1836 1836 1955 1891 Apo-

191 1901 367 1952 stolicis,
402 1916 451 1944 ac
483 1901 846 1952 Prouincialibus,
881 1904 925 1943 et
957 1901 1245 1955 Synodalibus
1278 1900 1669 1950 constitutionibus,
1706 1904 1750 1943 et
1783 1901 1956 1943 ordina-

191 1966 390 2017 tionibus,
425 1967 666 2020 ceterisque
699 1966 929 2020 contrarijs
963 1966 1329 2019 quibuscmique¹.

309 2050 469 2091 Datum
502 2050 728 2103 Augustae
760 2050 841 2091 An.
877 2063 902 2091 a
933 2049 1181 2092 Natiuitate
1214 2048 1406 2099 Domini,
1454 2050 1562 2090 1551
1611 2050 1663 2090 1:15
1696 2049 1792 2091 Kal.
1836 2049 1955 2103 Maij,

196 2114 488 2157 Pontificatus.
545 2115 585 2157 S.
620 2116 670 2156 D.
705 2114 759 2156 N.
794 2114 904 2168 Iulij,
939 2115 1083 2168 Papae
1117 2116 1155 2156 3.
1206 2114 1330 2155 Anno
1365 2116 1402 2156 2.

625 2198 665 2240 S.
700 2196 1061 2251 Archiepiscopus
1095 2197 1344 2251 Sipontinus
1377 2197 1573 2238 Nuncius
1605 2196 1893 2250 Apostolicus

309 2263 405 2304 Loc.
441 2264 526 2315 Sisy.

1221 2320 1427 2362 Nicolaus
1460 2319 1578 2362 Driel
1613 2320 1893 2362 Secretarius.

313 2430 473 2463 Vidimus
501 2430 682 2464 Cauisium
711 2431 780 2464 iam
809 2442 899 2464 1111110
927 2431 1017 2465 1550
1042 2430 1275 2475 Lipomanum
1302 2430 1465 2464 nuntium
1492 2441 1650 2473 rogasse,
1676 2431 1715 2463 ut
1741 2429 1806 2463 sibi
1834 2427 1955 2463 sociis-

191 2495 259 2526 que
287 2483 496 2517 facultatem
524 2484 736 2518 concederet
771 2495 894 2518 sacras
930 2483 1100 2527 reliquias
1128 2484 1271 2517 Colonia
1307 2483 1532 2528 asportandi,
1569 2494 1610 2516 ac
1645 2494 1727 2516 mox
1754 2481 1957 2516 videbimus

193 2536 375 2570 Caluisium
403 2539 557 2570 exeunte
585 2548 676 2570 anno
706 2537 791 2571 1551
822 2549 841 2570 a
868 2537 907 2571 P.
935 2537 1117 2571 Leonardo
1145 2537 1273 2570 Kessel
1299 2536 1469 2580 reliquias
1505 2536 1725 2570 colonienses
1763 2537 1956 2580 petentem,

197 2589 381 2632 „quoniam
411 2593 445 2623 et
465 2589 597 2623 Romae
625 2589 744 2624 iussus
771 2602 848 2624 sum
877 2591 1087 2634 promissam
1112 2602 1259 2624 servare
1278 2590 1393 2629 fidem,
1422 2601 1527 2633 quam
1546 2600 1692 2623 servare
1710 2601 1778 2622 non
1798 2600 1953 2633 possum,

194 2643 256 2675 nixi
286 2643 426 2676 donatis
452 2643 654 2677 Florentiae
682 2643 892 2687 Reliquus&
944 2643 1112 2677 Proxima
1139 2646 1257 2677 tamen
1294 2645 1330 2676 et
1364 2643 1556 2687 praecipua
1592 2642 1717 2676 harum
1753 2642 1951 2675 litterarum

193 2696 386 2729 dandarum
415 2696 553 2729 occasio
581 2708 620 2730 ea
647 2696 735 2736 fuit,
775 2708 865 2740 quae
892 2696 1046 2741 epistula
1074 2696 1130 2730 vel
1158 2699 1301 2739 regesto
1328 2696 1488 2740 proxime
1518 2696 1566 2739 (11.
1596 2695 1676 2738 108)
1706 2693 1953 2738 subiungendo

192 2749 427 2782 «narrabitur.

319 2903 324 2910 *
353 2895 407 2924 ΙίΙ
434 2894 778 2937 r«uuprobabamini;
809 2895 945 2928 (ἐι-01111).
968 2906 1158 2937 μιν-[11011111
1171 2907 1181 2926 .·
1207 2892 1532 2938 comprobabimim.

312 2950 323 2958 ¹⁴
350 2945 507 2979 idom-um
540 2948 675 2980 (sromlt.
821 2952 831 2965 ““
858 2947 1040 2990 eligendos
1071 2948 1206 2980 Cromla.

320 3001 323 3014 ¹
350 3000 431 3034 Νίτη-
468 3000 526 3031 sm!
554 3002 671 3033 malim
701 3002 810 3042 lasere
837 3000 1045 3044 deposituri,
1072 3002 1159 3033 sieut
1182 3000 1295 3043 paulo
1322 3004 1402 3031 aufe
1428 2996 1627 3041 depositarc
1653 2997 1821 3038 seriptum
1851 3001 1950 3037 1'1'¹‘'';

198 3052 429 3091 „inpositam-4¹·
462 3065 527 3082 mm
559 3055 737 3085 int-enim)-
763 3055 860 3096 τιμαί]
886 3054 943 3086 Ι)ιι
975 3055 1099 3094 Caussa:

319 3196 324 3213 ¹
356 3194 441 3226 X'ida·
469 3206 573 3239 supra
603 3208 633 3239 p.
663 3197 762 3230 2ἒ14.
