2113 3430
859 191 891 225 2.
920 190 1076 225 Ianuarii
1104 191 1204 225 1552.
1826 193 1909 234 395

268 306 550 349 Germanicae
582 306 807 349 conciones
840 321 984 358 meae,
1031 321 1138 360 quas
1170 307 1294 350 festis
1328 307 1476 349 diebus
1509 307 1781 350 continenter
1811 321 1912 362 pro-

148 385 325 424 sequor,
368 386 454 413 non
495 372 633 413 solum
675 386 788 414 nunc
819 372 1123 425 intelliguntur
1153 372 1316 425 magis,
1358 386 1509 414 verum
1552 372 1683 414 etiam
1726 376 1770 415 et
1812 386 1912 426 pro-

147 437 307 478 bantur
339 450 388 478 eo
420 436 667 487 studiosius,
701 437 813 490 quod
843 451 1072 479 numeroso
1105 451 1275 491 semper
1306 437 1518 480 auditorio
1553 437 1831 487 decorentur,
1865 440 1913 479 ut

146 501 320 555 plenum
352 500 499 542 videre
531 502 740 555 templum
771 501 915 551 liceat,
950 502 1032 544 etsi
1063 501 1107 543 in
1140 505 1338 544 extrema
1370 501 1561 544 civitatis
1586 504 1713 555 parte
1735 501 1865 544 situm
1882 503 1910 551 ¹,

149 569 193 609 et
224 566 337 619 quod
369 566 554 608 adeatur
584 566 665 608 hoc
696 566 973 619 frigidissimo
1016 568 1232 620 tempore,
1277 567 1389 620 quod
1431 566 1492 608 eis
1532 580 1617 607 non
1658 581 1810 620 parum
1847 566 1912 607 in-

149 631 418 672 commodum
449 631 643 681 videtur,
685 631 941 685 praesertim
974 645 1068 672 cum
1102 631 1169 672 die
1202 631 1379 673 vixdum
1411 631 1689 672 illucescente
1721 630 1825 672 mihi
1856 630 1913 673 sit

149 695 471 749 auspicandum.
515 697 681 737 Bonam
703 710 823 750 spem
847 709 941 737 esse
964 695 1089 737 audio
1114 696 1165 737 de
1188 696 1442 748 quibusdam
1464 695 1707 746 haereticis,
1733 710 1910 748 quorum

148 760 315 802 utinam
347 760 486 802 minor
519 763 635 803 esset
666 760 734 802 hic
766 763 1026 815 proventus,
1072 760 1228 813 quique
1273 775 1368 802 cum
1409 761 1607 803 lubenter
1640 760 1694 801 ad
1726 774 1804 801 nos
1836 774 1912 802 au—

149 824 328 866 diendos
360 825 509 867 venire
543 825 753 875 dicantur,
788 839 888 867 suas
922 825 1053 868 etiam
1086 825 1307 879 opiniones
1329 825 1538 879 paulatim
1561 825 1790 867 emendare
1813 838 1912 866 cen-

149 892 311 940 sentur,
336 890 390 932 ad
413 890 646 940 meliorem,
670 893 718 932 111
741 890 1004 940 confidimus,
1036 890 1207 942 frugem
1229 890 1422 939 redituri,
1445 893 1494 932 111
1516 890 1697 944 abjectis
1720 903 1912 931 errorum

149 955 340 996 tenebris
371 955 414 996 in
447 956 541 996 luce
573 957 804 996 versentur
826 955 1047 996 Ecclesiae
1079 957 1270 997 sanctae.
1314 956 1379 996 De
1411 955 1568 1009 populo
1601 955 1708 997 satis
1741 957 1914 996 constat

149 1019 303 1061 miram
334 1020 449 1061 illius
482 1019 733 1073 religionem
767 1034 862 1061 esse
894 1019 1111 1073 coepisse,
1146 1022 1376 1073 postquam
1407 1019 1451 1061 in
1482 1020 1563 1061 hoc
1593 1020 1755 1074 templo
1789 1033 1814 1061 a
1845 1033 1913 1060 me

150 1088 350 1138 coeptum
382 1088 450 1127 est
482 1084 738 1127 concionari.
782 1084 882 1126 Non
914 1085 1051 1126 solum
1080 1098 1206 1125 aures
1229 1085 1283 1126 ad
1306 1085 1563 1126 audiendum
1587 1084 1712 1126 avide
1734 1084 1912 1125 verbum

150 1149 230 1191 Dei
262 1150 464 1203 praebet,
499 1150 574 1191 sed
607 1150 739 1191 etiam
771 1149 826 1190 ad
858 1149 1061 1203 precandi
1092 1149 1305 1190 rationem
1336 1152 1427 1191 tam
1459 1150 1528 1203 pie
1561 1164 1689 1202 quam
1722 1148 1914 1191 studiose

152 1214 369 1268 componit
400 1228 516 1265 sese,
559 1217 608 1257 ut
638 1228 849 1267 nusquam
882 1214 983 1256 alibi
1014 1217 1191 1268 praeter
1222 1228 1391 1256 omnem
1423 1229 1527 1256 sane
1559 1228 1722 1256 morem
1753 1213 1796 1255 in
1828 1214 1913 1255 Ba-

151 1279 274 1320 varia
305 1282 550 1333 precantur.
601 1278 869 1321 Sacrificanti
901 1279 955 1320 ad
987 1280 1114 1320 finem
1147 1293 1282 1332 usque
1314 1279 1474 1321 Missae
1506 1279 1718 1321 assistunt
1732 1279 1761 1321 2.
1810 1279 1914 1320 Cum

152 1343 427 1386 Eucharistia
469 1344 676 1386 sumenda
718 1346 806 1394 est,
853 1344 1062 1397 singulari
1104 1344 1221 1386 cultu
1254 1358 1303 1386 eo
1345 1358 1440 1386 sese
1482 1347 1764 1394 convertunt,
1807 1343 1914 1385 fusis

151 1408 269 1450 humi
301 1408 561 1463 corporibus,
594 1409 637 1450 id
670 1409 782 1462 quod
813 1409 857 1450 in
891 1409 1122 1451 Germania
1154 1409 1301 1451 videre
1334 1409 1390 1451 sit
1421 1409 1701 1451 rarissimum.

271 1474 427 1515 Munus
449 1474 881 1524 Procancellariatus,
917 1474 1029 1527 quod
1060 1473 1281 1527 hucusque
1314 1474 1510 1527 quamvis
1542 1474 1703 1516 invitus
1733 1473 1912 1523 retineo,

153 1552 283 1579 conor
316 1538 512 1591 equidem
546 1539 598 1580 ab
624 1539 814 1580 humeris
838 1541 1065 1588 excutere;
1100 1541 1146 1580 at
1168 1553 1236 1581 me
1258 1539 1365 1581 satis
1388 1538 1605 1582 extricare
1628 1539 1703 1580 vix
1724 1552 1912 1592 possum,

154 1603 285 1644 etiam
325 1603 361 1644 si
402 1607 478 1646 tua
518 1618 586 1645 me
628 1604 833 1646 defendat
877 1603 1143 1653 authoritas,
1189 1604 1442 1645 Reverende
1483 1604 1636 1653 Pater3
1682 1603 1744 1644 sic
1786 1605 1915 1655 urget

153 1668 418 1722 Episcopus,
453 1668 659 1723 Princeps
692 1672 736 1711 et
766 1668 1015 1711 Academia.
1080 1669 1163 1711 Sed
1195 1669 1332 1710 modis
1365 1669 1560 1711 omnibus
1593 1673 1641 1711 ut
1672 1668 1753 1710 hoc
1786 1681 1915 1709 onere

152 1733 310 1775 liberer
341 1734 595 1787 procurabo,

271 1798 444 1840 Novum
484 1799 606 1840 nobis
648 1799 804 1841 ostium
846 1813 892 1840 se
934 1799 1074 1853 aperit
1113 1799 1397 1852 Argentorati
1439 1799 1587 1852 (vulgo
1628 1797 1915 1851 Argentinam

153 1863 344 1916 vocant).
408 1864 489 1905 Est
522 1877 573 1905 ea
606 1863 830 1906 civitatum
863 1863 1209 1916 germanicarum
1242 1878 1327 1905 una
1367 1863 1649 1918 praenobilis,
1695 1863 1806 1904 raris
1838 1862 1915 1904 ad-

154 1928 327 1969 modum
360 1927 575 1970 instructa
608 1928 799 1979 dotibus,
842 1929 1072 1982 mundique
1106 1929 1370 1972 ornamentis
1402 1929 1578 1971 referta.
1643 1928 1918 1982 Scripserunt

152 1992 270 2033 illinc
311 1993 366 2034 ad
406 2007 475 2034 me
517 1993 709 2035 canonici
750 1993 1012 2035 cathedralis
1053 1994 1282 2045 ecclesiae,
1334 1993 1586 2035 nobilissimi
1629 1993 1799 2046 quidem
1838 1991 1913 2042 illi,

155 2072 284 2110 quum
316 2057 430 2100 inter
459 2058 538 2099 hos
571 2060 615 2100 et
647 2059 775 2100 duces
809 2062 853 2101 et
885 2059 1063 2101 comites
1086 2059 1258 2113 plurimi
1280 2060 1607 2108 numerentur3;
1641 2058 1717 2100 sed
1738 2060 1917 2111 propter

153 2123 510 2164 lutheranismum
552 2123 690 2166 coacti
731 2123 961 2174 excedere,
1004 2138 1115 2165 nunc
1157 2124 1327 2166 demum
1368 2124 1455 2165 suis
1496 2123 1688 2166 restituti
1729 2122 1914 2170 sedibus,

154 2189 308 2228 curant
340 2201 408 2228 res
441 2188 631 2230 afflictae
664 2188 872 2230 ecclesiae
904 2202 1008 2230 51130
1023 2189 1052 2230 4.
1117 2189 1401 2242 Scripserunt,
1436 2189 1634 2241 inquam,
1668 2188 1722 2229 ad
1755 2201 1822 2228 me
1853 2186 1914 2227 illi

153 2254 201 2294 ut
243 2252 537 2294 ecclesiastem
581 2256 756 2295 acturus
797 2253 898 2295 illuc
938 2253 1131 2304 veniam,
1179 2256 1254 2296 aut
1298 2257 1416 2296 certe
1461 2254 1631 2306 quidem
1672 2255 1738 2295 tot
1778 2251 1915 2293 modis

154 2317 345 2359 afflictae
378 2317 586 2359 ecclesiae
619 2332 723 2359 suae
756 2320 919 2360 statum
961 2318 1094 2360 semel
1134 2318 1381 2372 inspiciam;
1425 2321 1650 2361 curaturos
1692 2332 1738 2359 se
1778 2316 1916 2358 modis

154 2381 349 2423 omnibus
393 2385 441 2424 ut
485 2385 712 2436 susceptae
755 2382 1116 2437 peregrinationis
1160 2398 1228 2425 me
1271 2398 1489 2437 nunquam
1533 2382 1767 2437 poeniteat.
1830 2381 1915 2423 Re-

153 2446 306 2500 scripsi
337 2446 471 2499 igitur
502 2462 570 2488 me
603 2448 654 2488 de
686 2448 891 2489 mutando
924 2449 1018 2489 loco
1060 2447 1163 2489 nihil
1195 2463 1321 2502 posse
1354 2451 1569 2497 statuere,
1613 2447 1782 2501 quando
1823 2446 1915 2500 ipse

153 2511 236 2552 mei
270 2525 365 2552 esse
393 2511 501 2565 juris
534 2512 777 2561 desiissem;
811 2513 854 2553 in
876 2527 943 2554 me
965 2526 1092 2567 porro
1116 2514 1277 2555 nullam
1299 2514 1491 2556 futuram
1514 2527 1677 2554 moram
1701 2512 1737 2553 si
1758 2511 1914 2552 missus

154 2576 207 2616 ad
240 2575 336 2617 illos
368 2576 698 2629 gratificandum
732 2576 829 2631 [sie]
873 2578 1099 2631 quicquam
1139 2593 1311 2633 possem
1352 2579 1535 2620 efficere.
1600 2578 1725 2619 Nunc
1762 2591 1914 2630 parum

154 2641 306 2682 abesse
331 2639 417 2695 [Ρ]
449 2644 593 2684 31110111
627 2642 728 2695 quin
750 2642 964 2697 Episcopo
987 2644 1260 2697 Eystettensi
1276 2645 1292 2669 5
1314 2658 1381 2685 me
1404 2643 1604 2685 comitem
1627 2642 1681 2684 ad
1703 2641 1914 2695 synodum

154 2705 455 2758 adjungerem,
497 2706 558 2747 sic
591 2710 808 2750 annuente
840 2708 1005 2751 scilicet
1036 2709 1282 2762 praeposito
1316 2723 1433 2759 11100,
1475 2708 1556 2750 11151
1588 2707 1797 2761 primores
1829 2707 1914 2747 Ba-

273 2837 285 2850 ·¹
311 2833 378 2866 Sic.
418 2834 665 2876 Leyendecnme
691 2833 849 2867 abfuisse
865 2840 882 2867 :2

277 2956 285 2975 ¹
313 2954 477 2989 Canisius
502 2957 588 2989 tunc
614 2955 809 2989 contionari
835 2956 974 2990 solebat
1000 2957 1033 2990 in
1061 2957 1193 3001 templo
1212 2957 1244 2991 S.
1266 2957 1399 2999 Crucis,
1427 2958 1518 3001 quod
1546 2960 1670 3002 postea
1693 2958 1913 2992 destructum

154 3010 227 3048 est;
255 3008 300 3042 cf.
328 3019 435 3053 supra
462 3020 494 3052 p.
522 3008 589 3041 374
603 3008 627 3042 2,
772 3009 785 3029 ‘²
812 3008 865 3042 Cf.
892 3021 1001 3054 supra
1027 3022 1059 3054 p.
1087 3010 1166 3044 333.

274 3062 286 3081 3
313 3060 517 3106 Capitulum
544 3061 796 3104 argentinense
822 3062 914 3095 inter
948 3062 1080 3096 nobilia
1107 3063 1319 3097 Germaniae
1355 3064 1512 3108 capitula
1547 3064 1622 3098 fere
1654 3064 1914 3098 nobilissimum

155 3116 249 3154 erat;
277 3126 399 3148 omnes
426 3114 518 3148 enim
546 3114 762 3159 capitulares
792 3114 866 3158 (qui
886 3115 931 3148 24
949 3118 1065 3158 erant)
1094 3116 1273 3161 principes
1300 3116 1358 3150 vel
1385 3116 1533 3151 comites
1558 3117 1617 3151 vel
1643 3117 1745 3151 liberi
1763 3118 1914 3152 barones

155 3167 294 3212 imperii
320 3178 398 3201 esse
425 3167 610 3201 debebunt.
758 3169 769 3188 ⁴
797 3168 850 3201 Cf.
878 3179 987 3213 supra
1012 3181 1045 3213 p.
1074 3169 1141 3203 386
1155 3169 1178 3203 ².
1327 3171 1339 3189 ⁵
1366 3170 1534 3204 Mauritio
1561 3170 1603 3204 de
1630 3171 1778 3205 Hutten.
