2113 3430
292 190 446 223 Monum.
478 188 653 233 (ingolst.)
683 189 738 224 57.
767 189 839 233 (26.
866 189 1021 224 Ianuarii
1050 189 1167 234 1551.)
1197 190 1252 225 58.
1281 189 1352 233 (28.
1380 190 1535 225 Ianuarii
1564 189 1681 234 1551.)
1786 192 1869 234 705

113 309 339 350 tuerentur
379 306 525 360 vnionj
567 305 903 349 vniuersitatis.“
971 307 1054 348 Pro
1094 321 1177 349 uno
1220 307 1331 349 enim
1374 322 1428 350 ex
1469 308 1521 350 iis
1553 307 1781 350 Mauritius
1819 309 1871 350 de

113 372 293 421 Hutten,
318 370 543 425 episcopus
561 370 855 425 eystatensis,
879 370 1207 421 intercesserat3
1232 386 1309 426 pro
1332 373 1470 414 altero
1493 373 1644 415 doctor
1661 373 1871 426 Georgius

119 435 468 487 „Stockhonier“‚
502 450 578 490 pro
612 435 742 478 tertio
782 435 958 484 „nobilis
991 439 1035 478 et
1066 436 1235 478 validus
1268 437 1346 487 vir,
1381 437 1561 479 domnus
1585 438 1796 492 Georgius
1818 438 1871 479 de

112 501 518 553 hasslanggereuff,
558 500 850 555 „praefectus“
889 499 1242 552 ingolstadiensis
1258 502 1285 544 1.
1339 502 1520 556 Recepti
1550 502 1684 555 igitur
1714 503 1867 546 iterum

113 567 234 615 sunt,
283 565 402 615 „istis
435 568 580 607 tamen
611 564 778 618 legibus
811 566 855 606 et
887 564 1200 607 conditionibus
1242 566 1354 619 quod
1394 567 1572 620 quilibet
1604 568 1677 610 det
1708 567 1870 621 Chyro-

113 629 326 683 graphum
360 630 472 683 quod
504 629 611 672 velit
643 628 822 682 singulis
864 629 1013 671 diebus
1054 630 1202 671 audire
1235 631 1342 672 duas
1373 630 1582 673 lectiones
1619 634 1662 674 et
1702 646 1872 686 semper

112 693 233 737 finito
275 708 422 736 mense
463 694 577 736 ferat
618 693 911 737 testimonium
957 694 1009 735 de
1050 694 1209 737 auditis
1249 695 1489 737 huiusmodi
1530 696 1786 738 lectionibus
1828 701 1872 739 et

114 759 256 801 nullus
289 773 436 801 eorum
468 759 660 813 portabit
692 773 825 809 arma,
860 761 904 801 et
936 759 988 800 de
1020 762 1147 802 nocte
1179 774 1263 801 non
1286 764 1502 814 vagentur
1533 760 1577 802 in
1608 761 1764 815 plateis
1796 762 1871 803 sed

115 823 365 866 contineant
406 838 452 866 se
492 824 647 878 hyeme
684 826 783 878 post
824 826 1024 866 octauam
1056 823 1099 864 111
1132 824 1326 866 domibus
1359 839 1506 867 eorum
1538 828 1583 868 et
1614 840 1660 867 se
1692 826 1871 868 honeste

114 892 271 942 gerant
303 889 411 931 alias
445 889 631 931 debeant
662 902 763 930 mox
795 888 953 942 expellj
986 888 1183 930 iterum.“

948 1011 1039 1052 57.

813 1094 869 1131 26.
895 1094 1058 1131 Ianuarii
1086 1094 1171 1131 1551.

235 1178 287 1212 Ex
315 1178 389 1213 cod.
417 1189 552 1212 monac.
585 1177 823 1219 „Protocolla“
854 1177 878 1212 f.
908 1177 1007 1212 18412.

241 1269 389 1318 „Anno
423 1266 581 1309 domini
616 1268 724 1308 1551
767 1266 834 1308 die
873 1280 976 1308 vero
1010 1268 1065 1308 26
1106 1266 1266 1308 mensis
1298 1267 1492 1321 Januarij
1535 1266 1729 1310 habitum
1771 1283 1873 1311 con-

118 1333 257 1375 silium
291 1332 590 1374 vniuersitatis
621 1332 647 1373 J
650 1331 997 1385 ngolstadiensis.
1010 1333 1024 1350 ‘⁶

234 1398 445 1450 Magistro
469 1396 636 1438 cuidam
669 1396 720 1438 de
748 1395 1018 1450 „noctiuagio
1052 1399 1094 1439 et
1127 1395 1362 1439 ebriet-at&
1391 1400 1593 1439 accusato
1626 1398 1872 1452 impositum

118 1466 205 1513 est,
253 1466 324 1512 „vt
357 1462 595 1505 abstineret
627 1475 652 1502 a
683 1460 783 1502 vino
816 1475 893 1514 per
925 1460 1261 1503 Carnisbriuium
1276 1462 1304 1512 2,
1345 1464 1389 1504 et
1421 1476 1505 1503 non
1538 1462 1793 1505 vindicando
1826 1477 1873 1505 se

118 1527 169 1569 de
202 1527 404 1580 vigilibus
436 1530 480 1569 et
517 1525 876 1568 excubitoribus.“

947 1646 1038 1687 58.

814 1731 869 1767 28.
896 1729 1060 1767 Ianuarii
1086 1729 1170 1766 1551.

236 1809 290 1842 Ex
317 1808 392 1842 cod.
419 1819 554 1842 monac.
586 1807 823 1849 ῗ,1310100011ὲῦ
855 1808 878 1842 f.
908 1808 1006 1842 184b.

238 1886 403 1919 Cane'se'us
430 1889 543 1917 rec-tor
567 1889 724 1917 senatum
750 1886 861 1919 habet.
914 1885 1121 1918 Scholastici
1142 1886 1350 1928 puniuntur
1375 1890 1405 1918 et
1429 1896 1614 1928 sponsores
1639 1891 1825 1930 quaerunt.

234 1968 303 2010 Ex
324 1968 463 2010 tribus
485 1966 570 2007 illis
591 1966 873 2017 scholasticis,
908 1967 979 2020 qui
1011 1966 1195 2020 relegati
1216 1966 1412 2021 primum,
1446 1968 1521 2009 sed
1542 1971 1696 2022 postea
1716 1968 1872 2011 iterum

116 2033 279 2087 recept-i
313 2035 458 2081 erant,
502 2031 583 2073 duo
623 2032 772 2080 „fidem
805 2032 950 2074 datam
994 2032 1048 2074 ad
1090 2035 1186 2074 octo
1229 2032 1320 2073 dies
1352 2046 1434 2073 non
1473 2036 1758 2076 seruauerunt
1791 2033 1874 2076 Sed

116 2098 158 2139 in
190 2097 359 2151 magnis
392 2096 559 2138 delictis
593 2096 784 2139 accusati
813 2096 1031 2147 fuerunt“‚
1065 2111 1174 2138 unus
1205 2111 1283 2151 per
1312 2096 1526 2150 hospitem
1557 2112 1692 2148 suum,
1733 2098 1874 2148 „Stef-

116 2163 264 2204 fanum
284 2162 475 2204 kneissel
497 2163 752 2212 sartorem“‚
791 2162 928 2214 „quod
951 2176 1047 2203 eum
1070 2164 1198 2204 noctu
1221 2162 1457 2203 Jnuaserat
1479 2162 1727 2214 atrociter“‚
1761 2163 1874 2205 alter

115 2242 193 2282 per
224 2227 355 2270 alium
387 2226 621 2279 quendam,
669 2227 806 2279 „quod
837 2227 1073 2269 Jnuaserat
1111 2230 1266 2268 17111111]ἱὶ
1298 2240 1392 2268 011111
1426 2226 1611 2280 pugione
1644 2227 1872 2269 admodum

116 2293 343 2335 attrociter
383 2291 685 2344 intulissetque
724 2291 837 2332 idem
850 2290 863 2307 ¹¹
903 2305 1107 2344 magnum
1150 2292 1373 2341 damnum,
1417 2291 1499 2332 nisi
1538 2291 1874 2335 interuenissent

116 2357 268 2410 aliqui,
310 2357 414 2398 illud
454 2356 613 2397 malum
655 2357 904 2399 auertendo.
968 2357 1025 2398 Et
1065 2356 1127 2398 ita
1169 2357 1294 2398 ambo
1338 2356 1522 2398 confessi
1553 2356 1729 2399 fuerunt
1761 2358 1873 2410 quod

116 2422 312 2464 fecerunt
353 2424 504 2463 contra
545 2434 691 2462 eorum
732 2421 859 2463 fidem
901 2424 945 2463 et
986 2421 1326 2475 promissionem.
1390 2422 1687 2464 Decreuerunt
1719 2422 1870 2464 Domni

117 2487 178 2529 eis
222 2501 306 2528 non
348 2500 442 2527 esse
483 2486 779 2528 confidendum
820 2489 864 2528 et
896 2486 1130 2540 Mancipati
1175 2484 1315 2539 [sunt]
1362 2485 1605 2527 carceribus
1653 2501 1873 2540 quousque

117 2552 271 2594 darent
310 2550 582 2592 fideiussores
623 2564 676 2592 ne
717 2550 900 2605 amplius
941 2550 1077 2593 velint
1118 2550 1419 2592 contrauenire
1459 2550 1557 2592 fidei
1598 2551 1723 2602 date,
1769 2552 1873 2593 Cum

117 2619 261 2659 autem
303 2615 526 2668 conquesti
557 2615 732 2657 fuerunt
765 2616 877 2668 quod
908 2615 951 2657 in
985 2629 1158 2657 carcere
1190 2629 1275 2657 non
1313 2618 1491 2669 possent
1522 2615 1728 2658 Jnuenire
1768 2616 1873 2659 fide-

235 2742 247 2755 ³
272 2737 353 2778 sve,-
377 2736 436 2769 sed
463 2736 647 2769 verisimile
672 2740 717 2768 est
742 2737 965 2769 scribendum
990 2737 1122 2778 faisse:
1149 2747 1239 2770 011111.

235 2789 249 2808 '³
277 2790 530 2831 Corrissendnm
556 2790 730 2830 fortasse:
755 2788 879 2823 eidem.

240 2902 248 2920 ¹
277 2899 485 2934 Praefectus
513 2898 732 2942 („Pfieger“)
762 2898 821 2933 ille
848 2897 984 2932 ducalis
1010 2898 1100 2932 alias
1123 2898 1231 2941 „Jorg
1248 2909 1318 2932 von
1336 2897 1517 2941 Haslang“
1548 2897 1607 2932 vel
1638 2896 1868 2942 „Haslinger“

118 2954 314 2989 vocabatur
342 2953 512 2997 (J))·1tffel‚
540 2951 657 2986 Briefe
684 2951 754 2985 und
782 2951 901 2985 Akten
929 2951 953 2992 I,
981 2951 1058 2985 563.
1087 2951 1165 2985 578.
1216 2952 1346 2984 Prantl
1371 2951 1392 2985 l.
1421 2962 1449 2985 c.
1477 2951 1520 2990 ΙΙ,
1550 2950 1645 2995 190).

237 3007 250 3027 ²
276 3006 351 3040 Hoc
379 3005 551 3039 vocabulo
579 3004 728 3048 (rectius
759 3005 895 3046 „carnis
923 3004 1116 3049 priuiunr‘)
1147 3003 1222 3038 dies
1249 3004 1376 3038 Martis
1403 3003 1598 3047 significari
1626 3004 1786 3047 videtur,
1813 3006 1873 3049 qui

119 3060 331 3094 dominicam
362 3059 415 3101 „in
442 3057 764 3102 Quinquagesima‘*
803 3057 965 3101 sequitur
991 3059 1027 3091 et
1052 3057 1144 3090 diem
1174 3057 1370 3099 „cinerum“
1402 3056 1562 3102 proxime
1597 3058 1796 3102 praecedit,
1831 3069 1873 3091 ac

120 3114 272 3147 fortasse
307 3112 413 3146 etiam
448 3111 527 3156 ipsa
560 3110 622 3144 illa
657 3110 832 3144 dominica
870 3113 906 3144 et
940 3110 1016 3144 dies
1050 3109 1191 3151 Lunae,
1236 3110 1296 3154 qui
1331 3121 1409 3144 eam
1444 3110 1606 3154 sequitur
1639 3110 1736 3153 sive,
1781 3122 1872 3155 quae

120 3165 270 3200 dicimus
297 3164 509 3199 Saturnalia.
560 3163 657 3205 Quae
683 3175 774 3197 anno
803 3164 889 3197 1551
918 3165 1020 3197 orant
1045 3163 1183 3197 8210.
1210 3163 1404 3197 Februarii.

190 3229 495 3260 Braunsberger,
516 3229 625 3253 Canisii
646 3227 802 3258 Epistulae
820 3229 850 3252 et
870 3228 952 3252 Acta.
982 3228 1002 3251 1.
1552 3225 1595 3256 45
