2113 3430
221 204 302 244 716
448 200 605 233 Monuni.
635 197 812 241 (ingolst.)
842 197 897 232 72.
927 197 999 240 (27.
1026 196 1240 231 Novembris
1265 217 1310 221 ——
1337 197 1369 232 8.
1395 196 1602 233 Decembris
1631 198 1747 241 1555.)

217 318 349 370 igitur
394 329 532 369 nuper
579 314 692 369 apud
740 314 898 357 dictam
947 314 1140 357 scholam
1188 328 1328 357 meam
1373 315 1751 369 Jngolstadianam
1800 315 1980 357 fundum

218 381 457 436 compararj
492 383 536 422 et
567 393 726 422 nouum
759 379 902 433 extruj
937 379 1196 432 Collegium,
1240 379 1354 433 quod
1391 380 1523 422 etiam
1556 381 1708 423 annuis
1740 380 1980 423 redditibus

218 446 357 500 dotarj
391 446 573 495 curabo,
608 444 748 486 Enixe
778 444 914 498 igitur
947 444 1236 487 Sanctitatem
1268 447 1462 487 vestram
1495 459 1623 499 rogo,
1663 449 1713 489 vt
1745 446 1981 488 clementer

216 513 296 554 hoc
329 510 588 553 concedere³
619 509 746 561 uelit,
791 524 873 563 quo
906 509 1037 553 liceat
1074 509 1278 564 predictis
1319 509 1542 563 magistris
1574 510 1702 553 Petro
1735 510 1904 553 Canisio
1937 513 1981 552 et

216 576 399 619 Nicolao
424 576 631 618 Gaudano
664 589 719 617 ex
741 575 910 617 Vienna
932 575 987 617 ad
1018 589 1086 617 me
1117 575 1272 626 redire,
1307 575 1527 628 Simulque
1548 575 1738 629 ipsorum
1761 575 1981 631 preposito

217 641 396 695 Jgnatio
437 640 636 690 mandet,
682 642 731 682 vt
772 640 911 682 adhuc
955 655 1087 682 vnum
1128 640 1198 682 vel
1241 640 1346 682 duos
1388 639 1656 694 Theologosb
1697 644 1740 683 et
1781 644 1983 695 preterea

218 707 402 749 aliarum
433 706 693 749 facultatum
733 705 1003 760 professores
1036 705 1091 747 ad
1132 705 1248 748 istud
1280 705 1540 759 Collegiumc
1572 706 1790 749 destinare
1822 704 1981 749 curetd.

219 772 380 822 Quibus
411 785 514 813 uero
547 771 627 826 ipsj
661 785 768 825 opus
793 771 1027 821 habebunt,
1060 771 1130 813 uel
1163 784 1245 824 que
1268 770 1408 813 dictus
1430 771 1482 813 D.
1506 770 1758 825 Prepositus
1779 772 1806 814 J
1809 771 1984 825 gnatius

218 852 296 893 per
327 851 396 879 me
428 837 611 879 vlterius
652 836 743 890 fierj
782 836 922 886 uolet,
965 835 1096 890 Cupio
1138 838 1187 878 ut
1229 850 1325 877 cum
1359 835 1603 879 Secretario
1645 839 1764 878 meoe
1797 836 1984 878 Henrico

220 902 551 956 Schuueykher,
596 915 724 955 quem
756 915 807 943 ea
840 901 893 943 de
935 915 1066 943 causa
1107 901 1163 943 ad
1195 901 1346 943 vrbem
1387 903 1432 943 et
1465 900 1754 944 Sanctitatem
1793 904 1984 944 vestram

220 965 442 1021 ablegauif
483 967 681 1009 conferat
723 969 767 1009 et
808 966 1071 1017 comunicet,
1114 967 1165 1009 Js
1206 968 1395 1009 mentem
1436 980 1577 1008 meam
1617 965 1756 1008 fusius
1798 969 1985 1020 exponet

220 1048 346 1087 quem
378 1035 427 1075 vt
459 1032 671 1075 sanctitas
703 1035 853 1075 vestra
883 1032 1069 1085 benigne
1101 1031 1272 1082 audiat,
1308 1031 1432 1085 eique
1463 1032 1591 1073 fidem
1624 1031 1829 1074 adhibeat
1860 1031 1987 1073 ualde

219 1113 339 1152 rogo,
373 1098 467 1152 Ego
500 1097 759 1140 Beatissime
790 1097 924 1139 Pater
957 1111 1052 1139 cum
1085 1099 1129 1139 et
1160 1096 1331 1151 paternj
1361 1096 1617 1140 Sanctitatis
1649 1099 1824 1139 vestrae
1856 1095 1986 1150 animj

220 1166 264 1206 et
296 1163 456 1218 optime
489 1177 594 1217 erga
625 1177 694 1204 me
725 1162 965 1205 voluntatis
998 1176 1050 1204 ea
1081 1162 1238 1204 indicia
1270 1162 1453 1204 habeam
1496 1175 1578 1215 que
1619 1161 1779 1204 habere
1817 1175 1989 1216 semper

222 1228 459 1283 concupiuj,
485 1229 595 1271 dabo
612 1228 808 1283 profecto
827 1242 1015 1282 operam,
1039 1227 1167 1281 idque
1184 1242 1293 1278 meo,
1317 1241 1424 1281 erga
1441 1226 1763 1270 Beatitudinem
1781 1229 1987 1277 vestram,

224 1297 268 1337 et
298 1294 427 1336 istam
461 1294 667 1337 Sanctam
702 1293 856 1335 Sedem
887 1292 1125 1346 incredibilj
1160 1306 1328 1343 amore,
1372 1294 1671 1347 perpetuaque
1703 1294 1747 1334 et
1778 1291 1987 1345 singularj

224 1359 501 1402 obseruantia
535 1372 796 1411 consequar,
839 1361 888 1400 vt
921 1357 1201 1400 sanctitatem
1233 1361 1426 1400 vestram
1464 1358 1546 1399 hoc
1577 1357 1622 1398 in
1653 1371 1722 1398 me
1755 1357 1989 1399 collocasse

223 1424 479 1467 beneficium
510 1438 728 1477 nunquam
761 1423 969 1478 peniteat,
1009 1423 1084 1477 Cuj
1118 1422 1260 1465 omnia
1292 1422 1570 1464 foelicissima
1603 1425 1705 1476 opto
1737 1434 1988 1476 precorque,

225 1490 386 1532 Datum
428 1503 483 1532 ex
525 1489 680 1544 oppido
721 1493 841 1531 meog
872 1488 1100 1530 Monachio
1142 1485 1234 1529 die¹¹
1275 1487 1485 1541 vigesima
1526 1487 1686 1529 mensis
1728 1486 1829 1541 Maij
1863 1486 1989 1529 Anno

225 1555 396 1610 Dominj
429 1551 732 1608 M.D.LIIIj.toi

875 1612 1199 1665 Obsequentiss,
1233 1611 1345 1654 filius

1284 1676 1492 1719 Albertus
1524 1676 1739 1719 Bauariae
1771 1676 1871 1717 Dux

1298 1756 1375 1797 per
1407 1756 1581 1784 manum
1613 1741 1846 1796 propriam.

345 1826 605 1869 Beatissimo
646 1826 690 1868 in
723 1825 891 1868 Christo
933 1825 1049 1880 patri
1091 1828 1134 1868 et
1172 1825 1355 1867 Domino
1388 1824 1571 1867 Domino
1604 1824 1720 1866 <Iulio
1752 1823 1827 1866 ΙΙΙ,
1862 1823 1903 1866 S.
1936 1823 1987 1865 R.

228 1895 271 1935 et
318 1891 577 1934 vniuersalis
624 1891 832 1934 ecclesiae
879 1888 1144 1933 catholicaek
1189 1891 1314 1932 Pont:
1361 1890 1460 1945 Opt.
1506 1890 1623 1932 Max.
1668 1888 1851 1931 Domino
1895 1901 1990 1930 ineo

228 1957 486 1999 clementiss.

1064 2030 1154 2072 72.

716 2116 770 2151 27.
797 2114 1008 2151 Novembris
1036 2135 1078 2139 —
1107 2115 1139 2150 8.
1166 2113 1374 2150 Decembris
1401 2113 1494 2149 1555.

343 2198 400 2233 Ex
425 2199 690 2241 commentario,
716 2199 809 2243 quod
835 2198 1013 2233 Henricus
1040 2198 1278 2239 Schweicker,
1305 2197 1442 2232 Alberti
1469 2197 1512 2231 V.
1540 2197 1774 2238 secretarius,
1801 2195 1989 2241 scripsisse

224 2252 385 2293 videtum
412 2252 448 2286 in
475 2264 515 2287 eo
541 2252 611 2286 alia
638 2252 681 2286 ab
707 2252 784 2297 ipso
811 2252 984 2297 scriptore
1011 2254 1171 2286 correcta
1197 2253 1291 2293 sunt,
1319 2251 1389 2285 alia
1416 2262 1435 2285 a
1462 2250 1631 2294 XViguleo
1657 2249 1791 2290 Hundt,
1817 2248 1990 2283 universi-

223 2305 310 2341 tatis
336 2305 631 2349 ingolstadiensis
657 2307 832 2339 curatore.
877 2305 960 2339 Cod.
986 2317 1123 2340 monac.
1154 2304 1323 2348 „Ingolst
1350 2303 1417 2338 Un.
1441 2323 1486 2327 —-
1510 2303 1668 2337 Sachen“
1699 2303 1723 2337 f.
1750 2302 1942 2337 54³—55³.

346 2377 439 2418 Quid
473 2377 675 2410 consiliarii
709 2377 809 2409 ducis
834 2376 1045 2419 Inqolstadiae'
1070 2377 1111 2408 de
1146 2375 1286 2418 colleyz'o
1313 2375 1497 2408 Societate‘s
1523 2374 1700 2407 condendo
1728 2384 1804 2405 cnm
1833 2372 1989 2414 Cani-550,

224 2431 471 2473 universitate,
508 2431 645 2462 civitate
680 2431 811 2472 egerint
847 2434 877 2462 et
912 2431 1178 2463 constituerint:
1220 2429 1373 2461 Consilio
1410 2429 1489 2460 nori
1523 2427 1677 2469 aedificii
1711 2426 1916 2459 exstruendi
1950 2425 1990 2459 ob

218 2485 393 2526 pecuniae
427 2484 586 2526 'inopiam
622 2485 767 2526 omisso,
801 2487 969 2515 statutum
1006 2493 1074 2516 esse
1111 2487 1146 2515 m‘
1180 2482 1352 2515 habitatio
1388 2481 1501 2514 Sociis
1539 2482 1572 2513 in
1609 2481 1710 2513 domo
1751 2480 1991 2512 universitatis

343 2611 356 2624 ²¹
381 2607 423 2639 In
450 2616 568 2639 comm.
595 2616 687 2638 mon.
710 2607 818 2648 prius
841 2606 1012 2647 scriptum
1040 2608 1139 2637 erat:
1164 2613 1281 2646 agere.

345 2658 358 2676 ¹·
382 2660 425 2692 In
451 2670 570 2692 comm.
599 2669 689 2692 mon.
716 2658 780 2691 hoc
805 2658 1011 2691 vocabulum
1039 2658 1072 2689 ῖη
1100 2658 1263 2699 maryine
1288 2657 1480 2698 ascriptum
1509 2660 1565 2688 est.

343 2717 354 2731 ⁰
381 2713 421 2745 In
451 2722 569 2745 comm.
598 2723 688 2745 mon.
710 2713 820 2754 prius
845 2712 1015 2753 scriptum
1043 2714 1142 2743 erat:
1167 2708 1211 2743 ad
1238 2719 1314 2743 nos.

344 2764 357 2783 ’ἲ
386 2766 513 2798 Comm.
540 2776 632 2798 mon.
670 2765 783 2807 (quod
810 2768 931 2797 notatu
958 2764 1102 2806 ‹Ie'ynum
1131 2763 1198 2801 est)
1237 2764 1272 2795 in
1300 2762 1461 2803 marsfl'ne
1495 2761 1579 2794 haee
1614 2761 1712 2793 habet
1744 2760 1866 2802 verba,
1902 2770 1990 2802 quae

224 2823 300 2861 post
337 2819 539 2851 roeabulum
567 2817 765 2861 Collegium
803 2817 989 2850 inserenda
1023 2817 1116 2849 sint:
1150 2814 1243 2859 quod
1279 2813 1416 2848 absolui
1452 2825 1558 2857 quani
1595 2813 1747 2858 primum
1776 2812 1988 2846 curabimus.

229 2872 269 2903 In
299 2873 374 2913 ipsa
403 2872 513 2914 e'yz'tm·
539 2872 687 2914 epistula
713 2871 798 2903 ltaeae·
823 2872 951 2903 omissa.
977 2874 1069 2902 sunt.

345 2929 356 2943 ⁰
380 2924 510 2958 Nostro
538 2936 656 2957 comm.
685 2935 776 2957 mon.
920 2922 930 2941 f
957 2921 1206 2965 ablegauimus
1232 2932 1350 2955 comm.
1378 2931 1470 2954 mon.

346 2982 358 2999 ἕ
382 2980 501 3011 nostro
529 2988 648 3011 comm.
675 2988 767 3010 mon.

346 3028 360 3048 ¹¹
386 3031 424 3062 In
454 3042 572 3064 comm.
601 3042 690 3063 mon.
717 3031 894 3073 sequitur:
919 3039 1002 3073 XI11J
1031 3027 1176 3072 Aprilis,
1203 3028 1297 3060 linea
1327 3028 1472 3060 inducta
1501 3026 1657 3060 deletwn.

346 3080 350 3100 ⁵
385 3084 422 3114 In
452 3094 570 3116 comm.
596 3094 688 3116 mon.
717 3094 837 3115 nomen
865 3082 1099 3124 subscriptum
1127 3079 1414 3124 (Obsequentiss.
1441 3079 1517 3122 ete.)
1546 3080 1659 3119 dem,-
1687 3080 1720 3111 in
1749 3087 1871 3120 apogr.
1900 3087 1986 3110 rom.

232 3135 415 3175 e'ns‹·›-1'J›t1'‹)
445 3135 672 3177 (Beatissimo
700 3136 774 3177 etc.)
806 3146 875 3168 non»
902 3139 1022 3168 exstat.

350 3186 361 3203 k
388 3188 494 3219 Verba
522 3188 556 3221 S
585 3187 624 3221 R.
651 3207 696 3210 —-
723 3187 921 3221 catholicae
947 3197 1058 3230 snpra
1087 3187 1214 3219 lineam
1242 3186 1375 3229 scripta
1401 3190 1492 3218 sunt.
