2113 3430
786 197 840 231 28.
868 196 1051 231 Februarii
1078 195 1180 230 1548.
1782 199 1865 240 269

107 314 260 366 animi,
303 314 403 367 quia
443 314 644 357 mortalia
675 314 783 356 haec
815 313 1069 367 corpuscula
1111 313 1166 355 ad
1197 315 1369 366 tempus
1402 316 1577 366 separat
1610 313 1865 363 obedientia,

106 382 283 434 separat
304 379 384 422 Dei
405 379 690 433 prouidentia,
718 381 894 433 separat
916 377 1084 420 Vtilitas
1105 377 1277 432 puplica
1302 375 1416 431 [sic]
1441 377 1508 418 cui
1531 391 1700 431 semper
1722 380 1765 420 et
1788 377 1868 419 soli

106 445 310 486 debemus
342 444 506 494 omnia,
544 459 630 486 non
664 457 870 499 corporea
901 443 1040 485 solum
1072 443 1180 484 haec
1211 443 1406 492 vincula,
1449 442 1525 484 sed
1555 442 1690 484 totius
1721 442 1867 484 mundi

106 509 305 551 daemum
326 508 573 563 praesidia?
620 510 714 562 Ego
735 522 851 559 sane,
886 508 923 550 si
942 508 1013 550 Vel
1032 508 1086 550 ad
1106 508 1251 549 Indias
1274 507 1448 549 iamiam
1469 506 1683 561 proficisci
1704 507 1865 557 iubear,

106 573 206 627 quia
237 574 404 616 DEVM
443 574 583 628 ipsum
624 573 791 617 itineris
824 573 973 615 ducem
1013 573 1117 614 mihi
1148 572 1374 627 polliceor,
1416 586 1495 614 nec
1528 571 1669 613 animo
1701 572 1867 613 turbari

104 653 292 692 possum,
323 652 402 680 nec
424 638 694 681 solicitudine
716 639 806 681 vlla
826 638 991 680 moueri
1014 638 1159 688 debeo,
1185 640 1329 680 certus
1351 637 1393 678 in
1416 637 1489 678 illo
1512 650 1597 678 vno
1620 636 1723 677 mihi
1745 637 1867 679 salua

104 703 197 745 fore
231 703 385 754 omnia,
420 703 491 757 qui
523 707 702 758 propter
731 717 800 745 me
833 702 1022 745 condidit
1055 705 1098 744 et
1130 705 1278 745 seruat
1300 702 1515 744 Vniuersa.
1565 701 1704 750 Quare
1738 715 1867 754 quum

105 782 128 809 e
151 768 242 810 celo
265 767 422 819 emissi,
457 771 501 810 et
524 769 689 810 caelum
711 768 939 822 repetituri
961 767 1083 809 breui
1115 767 1202 810 sint
1232 766 1371 809 nostri
1403 766 1547 815 animi,
1582 765 1867 819 despiciamus

104 832 264 875 fratres
288 833 542 883 charissimi,
577 832 862 887 despiciamus
891 832 1064 885 inquam
1088 832 1212 874 huius
1234 834 1378 874 terrae
1402 831 1609 872 caducum
1632 830 1864 883 globulum,

105 900 235 950 atque
267 901 429 940 tetrum
453 897 623 940 omnino
647 911 877 948 carcerem,
912 897 1030 939 cuius
1060 896 1250 939 tenebris
1283 895 1493 950 occupati,
1527 896 1623 937 luce
1645 895 1719 936 illa
1740 908 1866 948 prae-

105 962 375 1005 stantissima
407 966 670 1015 aeternaque
703 962 998 1012 destituimur,
1036 966 1079 1004 et
1110 962 1226 1003 mille
1258 961 1326 1003 hic
1359 975 1573 1011 errorum,
1608 960 1864 1009 vanitatum,

103 1027 378 1081 laqueorum,
414 1027 698 1082 cupiditatum
730 1027 991 1081 labyrinthis
1022 1027 1302 1077 inuoluimur,
1338 1026 1553 1080 rapimur,
1587 1024 1866 1073 concutimur,

106 1092 335 1145 agit-amur.
386 1093 479 1134 Hoc
513 1093 651 1134 solum
682 1091 872 1146 remedij,
906 1093 987 1133 hoc
1009 1091 1152 1145 solatij
1176 1091 1374 1133 relictum
1398 1094 1476 1141 est,
1510 1093 1559 1132 vt
1580 1089 1866 1144 pulcherrimo

106 1157 332 1200 charitatis
363 1171 479 1199 nexu
510 1156 694 1198 inuicem
726 1156 930 1209 colligati,
964 1156 1193 1209 iungamus
1226 1170 1276 1198 ac
1306 1157 1525 1197 firmemus
1556 1155 1600 1196 in
1623 1154 1865 1196 CHRISTO

106 1222 292 1272 animos,
335 1222 577 1264 CHRISTO
615 1221 749 1263 libere
791 1222 1050 1270 5011113111115,
1095 1221 1322 1263 CHRISTI
1364 1220 1563 1275 spiritum
1603 1219 1865 1269 hauriamus,

105 1287 398 1328 CHRISTVM
416 1287 627 1340 daenique
643 1289 784 1328 morte
801 1289 964 1337 nostra,
989 1286 1173 1340 miserijs
1197 1289 1240 1328 et
1261 1285 1542 1327 incommodis
1565 1283 1724 1326 nostris
1741 1284 1866 1337 plene

104 1351 426 1393 lucrifaciamus
439 1353 467 1403 1,
502 1354 546 1394 et
576 1351 619 1393 in
642 1353 821 1393 aeterna
843 1351 936 1393 vita
958 1351 1082 1392 simul
1105 1350 1379 1392 foelicissime
1400 1349 1711 1404 possideamus.
1756 1348 1866 1389 Illud

105 1416 260 1458 addam
278 1416 530 1470 neutiquam
548 1416 847 1467 omittendum,
870 1419 920 1458 vt
936 1430 1015 1470 per
1032 1416 1291 1458 charitatem
1309 1429 1416 1466 eam,
1441 1429 1569 1468 quam
1588 1413 1865 1455 CHRISTVS

103 1481 217 1523 inter
248 1496 327 1524 nos
358 1481 646 1523 firmissimam
672 1482 992 1534 maximamque
1020 1481 1289 1523 intercedere
1311 1480 1462 1531 voluit,
1496 1482 1749 1534 perpetuam
1782 1478 1865 1519 11101

104 1546 354 1588 memoriam
385 1546 484 1589 istic
515 1546 755 1597 retineatis,
788 1561 866 1601 pro
899 1561 980 1597 me,
1014 1561 1091 1600 pro
1125 1547 1266 1589 salute
1298 1560 1395 1587 mea
1416 1545 1583 1587 DEVM
1617 1547 1660 1586 et
1684 1544 1865 1586 Sanctos

103 1611 194 1653 eius
234 1611 420 1654 fideliter
458 1611 719 1665 imploretis,
761 1626 830 1654 me
871 1611 1106 1654 amicorum
1140 1611 1266 1653 simul
1298 1611 1497 1665 precibus
1530 1609 1717 1651 onmium
1751 1622 1866 1650 00111-

102 1676 339 1727 mendetis,
381 1691 449 1719 me
482 1677 653 1719 Sanctis
684 1677 847 1730 Magis,
891 1677 931 1720 S.
967 1677 1172 1727 Gereoni,
1206 1676 1440 1726 Thaebeis,
1487 1674 1651 1717 Mauris
1692 1688 1742 1716 ac
1783 1673 1866 1715 toti

103 1741 152 1784 Β.
187 1742 372 1784 Vrsulae
405 1741 646 1784 castissimo
679 1742 878 1785 sodalitio
912 1742 1044 1784 etiam
1077 1745 1208 1794 atque
1241 1741 1373 1783 etiam
1406 1740 1647 1790 offeratis2,
1687 1752 1764 1792 pro
1797 1751 1865 1779 me

105 1806 316 1859 daenique
364 1805 419 1860 (si
464 1809 636 1849 tantum
682 1810 832 1861 petere
879 1807 946 1849 fas
994 1806 1078 1860 est)
1126 1805 1475 1848 hebdomadatim
1525 1803 1864 1846 sacratissimum

104 1871 331 1913 CHRISTI
363 1886 517 1926 corpus
548 1873 640 1914 Deo
672 1872 788 1926 patri
820 1873 975 1914 offerre
1008 1872 1179 1915 curetis,
1234 1873 1346 1914 Sane
1378 1872 1425 1913 P.
1459 1870 1652 1912 Priorem
1684 1868 1865 1910 Carthu-

104 1936 194 1978 siae
237 1936 543 1979 amicissimum
586 1937 818 1991 deprecor,
864 1940 913 1980 vt
957 1938 1091 1979 semel
1135 1937 1430 1979 sacrificantes
1475 1949 1623 1978 omnes
1666 1948 1743 1988 pro
1788 1947 1864 1974 suo

103 2000 282 2046 Kanisio
317 2002 535 2044 celebrare
566 2002 735 2053 iubeat,
778 2006 910 2056 atque
942 2002 1004 2046 ita
1036 2003 1171 2046 totius
1205 2005 1441 2044 conuentus
1474 2014 1649 2042 suorum
1679 1999 1864 2041 fratrum

103 2066 301 2120 precibus
333 2066 553 2120 indignum
585 2067 688 2109 licet
719 2068 874 2119 filium,
918 2067 1187 2121 amicumque
1224 2069 1524 2121 prosequatur.
1590 2065 1673 2107 Sed
1705 2067 1749 2106 et
1781 2063 1866 2104 Re-

104 2131 317 2173 uerendus
349 2132 395 2174 P.
420 2132 616 2185 Ignatius
648 2147 735 2174 vna
768 2147 863 2174 cum
895 2133 976 2174 hac
1007 2135 1103 2175 tota
1128 2132 1260 2174 IESV
1283 2132 1493 2174 societate
1526 2129 1772 2184 cumprimis
1804 2128 1866 2169 illi

104 2210 199 2238 sese
241 2197 525 2239 commendat.
597 2197 679 2239 Hic
721 2212 983 2251 quamquam
1023 2198 1185 2240 inuitus
1230 2197 1443 2239 scribendi
1486 2197 1614 2237 finem
1655 2194 1766 2236 facio
1808 2193 1864 2234 mi

103 2261 276 2313 fratres,
309 2262 513 2316 precandi
544 2262 702 2305 iterum
733 2277 811 2317 pro
844 2277 934 2314 me,
969 2277 1019 2304 ac
1051 2262 1401 2304 hebdomadatim
1435 2259 1681 2303 celebrandi
1713 2272 1866 2299 munus

104 2326 261 2368 obnixe
293 2341 319 2368 a
350 2326 473 2369 vobis
504 2328 689 2382 postulo,
729 2330 872 2370 certus
903 2328 1014 2369 hanc
1047 2330 1240 2370 vestram
1273 2326 1529 2369 ditissimam
1562 2323 1866 2367 eleemozinam

104 2391 392 2445 proficiscenti
433 2405 569 2445 egeno
610 2392 713 2433 mihi
755 2392 1145 2434 commodissimum
1178 2392 1385 2434 viaticum
1418 2391 1523 2433 fore.
1588 2388 1865 2431 CHRISTVS

103 2456 266 2499 IESVS
300 2471 446 2499 amore
478 2471 554 2499 5110
587 2471 665 2499 1105
697 2457 881 2500 inuicem
912 2458 1053 2511 magis
1084 2458 1310 2510 magisque
1339 2456 1585 2509 coniungat,
1619 2457 1667 2496 vt
1699 2454 1742 2494 in
1775 2452 1866 2494 eius

104 2521 388 2574 persistentes
419 2522 566 2575 gratia
598 2525 822 2565 consortes
854 2523 1021 2576 gloriae
1052 2523 1285 2565 reddamur
1316 2521 1617 2576 sempiternae.
1667 2532 1804 2560 3111011.

223 2603 401 2654 Romae,
434 2604 620 2646 XXVIII
651 2605 888 2660 Februarij,
924 2606 1051 2647 1548.

609 2687 768 2729 Vester
798 2687 843 2729 in
874 2686 1043 2730 Christo
1077 2701 1310 2729 conseruus
1342 2686 1497 2727 Petrus
1529 2682 1746 2732 Kanisius,

1388 2761 1697 2812 Nouiomagus.

225 2842 489 2884 Reuerendis
520 2843 728 2887 fratribus
759 2844 803 2886 in
835 2845 1003 2887 Christo
1037 2846 1093 2888 M.
1127 2845 1351 2887 Leonardo
1384 2843 1551 2894 Ix'essel,
1586 2845 1630 2884 et
1661 2842 1718 2884 M.
1738 2839 1865 2882 Adri-

108 2921 189 2949 ano
221 2908 529 2962 Antuerpiensi
569 2909 682 2963 apud
722 2910 930 2964 templum
967 2910 1321 2952 Praedicatoruni
1354 2908 1554 2951 Coloniae
1586 2905 1864 2960 Agrippinae.

108 2972 320 3015 Coloniae.

231 3129 240 3148 ¹
272 3129 419 3170 „Omnia
454 3128 706 3162 detrimentum
732 3128 812 3170 feci,
839 3131 873 3162 et
900 3128 1052 3161 arbitror
1078 3131 1116 3161 111
1143 3130 1320 3168 stercora,
1347 3131 1386 3161 ut
1413 3126 1594 3161 Christum
1622 3125 1862 3159 lucrifaciam*

111 3180 218 3223 (Phil.
246 3181 277 3222 3,
304 3181 354 3225 8)
500 3182 513 3201 ‘²
540 3181 592 3216 Cf.
621 3192 728 3225 supra
754 3192 787 3225 p.
815 3181 857 3215 37
869 3182 892 3215 ⁴2.
922 3181 1020 3215 173³.
1050 3181 1148 3214 173⁴.
