2113 3430
870 196 902 231 8.
930 197 1021 231 lunii
1049 198 1149 232 1554.
1803 202 1888 242 473

131 313 384 366 quibusdam
417 313 753 366 quaestionibus,
788 328 895 367 quas
918 314 1208 356 Cancellarius
1226 316 1239 341 1
1271 314 1385 357 inter
1407 315 1648 368 Theologos
1681 319 1725 359 et
1753 317 1890 358 Cano-

130 378 265 420 nistas
298 378 490 432 expediri
523 379 677 427 vellet,
721 393 896 432 operam
934 382 1117 421 navaret
1158 379 1453 428 utilissimam;
1496 381 1751 433 praesertim
1786 395 1890 423 vero

128 445 217 484 tum
253 443 305 484 de
337 443 503 492 studiis,
537 446 627 486 tum
662 444 713 485 de
745 444 942 498 profectu
974 444 1159 486 fratrum
1191 444 1259 486 1110
1290 458 1369 485 1105
1400 445 1648 495 instrueret,
1687 446 1890 499 singulis-

129 521 210 559 que
242 521 320 549 sua
351 507 387 548 si
420 521 529 561 quae
570 508 656 550 sint
689 523 816 562 opus,
859 509 1050 551 remedia
1092 510 1228 552 daret.
1291 509 1513 551 Privatam
1557 524 1661 551 sane
1695 512 1890 552 consola-

128 571 313 622 tionem,
357 586 485 625 quam
519 587 574 614 ex
606 573 656 615 R.
691 574 737 615 P.
772 574 1020 627 praesentia
1060 574 1163 615 mihi
1195 574 1388 628 polliceri
1429 574 1662 616 maximam
1705 589 1888 629 possem,

127 636 254 678 facile
285 636 526 690 negligam3
560 638 635 679 sed
658 652 733 692 pro
758 638 970 679 communi
1003 639 1194 682 utilitate
1228 639 1327 692 quid
1350 639 1441 680 fieri
1465 639 1681 692 expediat,
1715 643 1891 682 vestrae

127 701 258 744 fuerit
299 705 343 744 et
383 702 560 756 pietatis
602 706 645 745 et
688 703 941 756 prudentiae
992 704 1269 746 constituere.
1341 704 1582 746 Paucorum
1624 705 1890 747 solummodo

127 766 335 807 mensium
378 767 458 809 hoc
489 767 573 809 iter
605 768 700 810 erit.
764 768 1008 821 Coeperunt
1049 769 1187 811 nostri
1219 769 1262 810 in
1295 769 1510 812 cantando
1543 783 1589 810 se
1621 784 1733 810 nunc
1765 784 1890 811 exer-

127 845 245 880 cere,
280 832 379 873 dum
412 832 742 875 Carmelitarum
774 833 912 874 locum
946 835 1109 883 tenent,
1145 837 1188 876 et
1220 837 1268 876 ut
1300 848 1451 876 verum
1482 834 1638 883 fatear,
1672 834 1773 875 mihi
1807 849 1890 876 non

127 897 259 938 semel
293 897 509 951 displicuit
540 898 728 939 facilitas
761 898 810 940 R.
844 897 891 940 P.
925 897 1088 952 Lanoij,
1128 899 1200 951 qui
1232 899 1286 940 ad
1320 899 1542 941 cantiones
1575 899 1817 940 huiusmodi
1848 899 1890 941 in

126 962 287 1015 templo
320 962 540 1004 habendas
573 965 616 1004 et
638 962 693 1004 ad
716 962 972 1004 cerimonias
1005 963 1212 1015 quasdam
1245 963 1429 1006 fratrum
1462 964 1696 1006 imitandas
1729 964 1889 1006 nostris

127 1028 202 1067 aut
233 1027 474 1080 plusculum
513 1027 787 1081 permittere,
831 1030 907 1069 aut
938 1027 1030 1080 ipse
1063 1041 1142 1069 sua
1182 1032 1336 1082 sponte
1377 1029 1440 1071 ita
1472 1029 1579 1072 satis
1621 1029 1889 1083 propendere

126 1091 244 1132 visus
277 1095 355 1134 est.
420 1092 511 1141 Qua
542 1092 586 1133 in
617 1106 663 1133 re
696 1106 779 1133 non
812 1106 919 1145 opus
952 1095 1020 1134 est
1052 1093 1282 1134 admonere
1317 1094 1590 1147 prudentiam
1623 1097 1765 1143 tuam,
1808 1094 1889 1136 nisi

128 1157 237 1208 quod
271 1171 532 1210 magnopere
574 1156 696 1210 cupio
738 1156 1002 1198 conformem
1034 1156 1209 1198 vivendi
1251 1158 1541 1211 disciplinam,
1585 1159 1754 1212 qualem
1792 1159 1888 1200 aliis

127 1221 320 1274 collegiis
341 1222 391 1264 R.
415 1222 461 1264 P.
496 1221 774 1275 Praepositus
807 1221 1044 1271 constituit,
1078 1222 1210 1264 etiam
1243 1225 1395 1264 extare
1416 1223 1459 1264 in
1483 1223 1727 1273 Germania,
1761 1238 1887 1277 prae-

127 1286 275 1328 sertim
308 1286 501 1328 Viennae
516 1287 545 1329 2.
609 1286 745 1328 Video
778 1301 890 1328 nunc
922 1301 948 1328 a
980 1287 1030 1329 R.
1064 1287 1111 1329 P.
1145 1288 1304 1329 multos
1346 1288 1400 1329 ad
1433 1302 1578 1329 sacros
1617 1288 1788 1330 ordines
1819 1289 1887 1330 hic

128 1354 302 1393 evectos
335 1365 450 1401 esse,
484 1365 622 1404 neque
654 1351 697 1392 id
728 1365 916 1404 unquam
947 1351 1210 1405 improbavi,
1256 1352 1299 1393 in
1332 1352 1485 1395 studiis
1518 1355 1663 1395 autem
1696 1353 1889 1395 adhiberi

128 1429 294 1468 quoque
336 1430 482 1457 curam
515 1415 667 1465 Velim,
711 1416 822 1469 quod
855 1415 897 1456 in
931 1415 1156 1458 scribendo
1197 1419 1287 1458 tam
1329 1417 1455 1470 pauci
1487 1418 1685 1468 valeant,
1729 1418 1801 1472 qui
1833 1419 1887 1461 ad

127 1480 427 1533 Magisterium
458 1483 605 1522 tamen
639 1480 863 1534 adspirant
896 1483 940 1523 et
971 1481 1086 1523 forte
1118 1496 1203 1523 non
1235 1482 1371 1524 multo
1404 1485 1502 1535 post
1535 1483 1713 1525 exibunt
1745 1493 1889 1525 sacer-

129 1545 262 1588 dotes.
327 1546 447 1587 Haec
488 1560 568 1598 ego
610 1545 766 1595 libere,
809 1547 857 1587 ut
897 1545 1149 1600 sapientiori
1189 1547 1423 1600 praebeam
1456 1548 1507 1589 de
1539 1547 1633 1590 istis
1672 1548 1889 1601 cogitandi

128 1610 407 1660 occasionem,
442 1613 486 1652 et
517 1609 615 1652 huic
647 1609 826 1662 collegio
859 1610 916 1652 sit
947 1611 1136 1653 maxime
1167 1615 1456 1665 prospectum.

244 1676 371 1717 Nunc
403 1676 457 1717 ad
489 1675 640 1718 literas
671 1678 771 1717 tuas
803 1676 944 1725 redeo,
985 1678 1029 1718 et
1060 1675 1204 1726 miror,
1239 1677 1380 1718 subito
1414 1676 1637 1718 consilium
1670 1691 1764 1719 esse
1795 1693 1889 1720 mu-

126 1743 267 1783 tatum
308 1741 359 1782 de
402 1740 629 1782 dividendo
662 1740 921 1794 Compendio
955 1741 1214 1794 Theologico
1231 1742 1259 1783 3.
1324 1741 1587 1783 Promissum
1630 1742 1741 1783 enim
1780 1743 1887 1796 Regi

126 1805 208 1848 fuit
231 1820 255 1847 a
277 1805 412 1853 nobis,
444 1805 628 1847 alterum
651 1805 744 1847 fore
767 1805 1065 1859 compendium
1087 1819 1164 1859 pro
1187 1806 1422 1859 parrochis,
1456 1807 1641 1848 alterum
1663 1821 1740 1860 pro
1763 1821 1888 1861 gym-

126 1870 235 1912 nasii
266 1870 391 1911 huius
413 1870 656 1924 Theologis,
691 1873 735 1912 et
767 1870 968 1924 probavit
990 1870 1085 1912 Rex
1117 1870 1363 1913 institutum
1381 1872 1409 1913 4.
1459 1872 1553 1924 Ego
1587 1871 1699 1924 quod
1721 1871 1887 1925 paravi,

128 1935 297 1976 omnino
330 1935 568 1977 seiunctum
600 1934 695 1985 fuit,
730 1938 774 1977 et
804 1950 897 1976 011111
921 1936 1017 1977 Rex
1049 1935 1296 1984 evolvisset,
1329 1935 1532 1989 probavit
1564 1950 1657 1977 cum
1692 1936 1779 1977 suis
1812 1937 1888 1978 ad-

126 2000 297 2041 modum
330 2000 410 2041 hoc
441 2014 584 2042 meum
614 2000 700 2042 Vile
733 2000 983 2054 opusculum
999 2001 1027 2042 5.
1076 2000 1167 2042 Iam
1201 2000 1237 2041 si
1260 2001 1409 2042 eodem
1443 2014 1572 2055 opere
1604 2004 1696 2043 tum
1729 2002 1886 2055 pueris.

125 2064 168 2105 in
201 2079 380 2117 quorum
414 2078 494 2118 ego
531 2064 682 2119 scripsi
722 2064 932 2117 gratiam,
977 2068 1021 2107 et
1057 2065 1304 2119 pastoribus
1337 2065 1468 2107 vultis
1510 2065 1734 2116 satisfieri,
1777 2067 1888 2120 Regi

126 2144 209 2171 non
232 2130 359 2171 valde
391 2129 587 2179 satisfiet,
622 2132 665 2172 et
687 2129 791 2171 mihi
813 2129 898 2171 iam
932 2129 1081 2183 quinto
1104 2134 1179 2173 aut
1202 2135 1328 2172 sexto
1351 2131 1559 2172 mutanda
1582 2134 1707 2173 erunt
1730 2131 1886 2179 omnia,

246 2277 254 2296 ¹
283 2275 446 2310 Canisius
480 2286 550 2308 non
584 2275 771 2309 Albertum
807 2275 1156 2315 Widmanstadium,
1202 2276 1370 2309 Austriae
1405 2276 1583 2310 inferioris
1622 2276 1887 2313 cancellarium,

125 2328 241 2363 dicere
266 2329 419 2368 videtur,
445 2328 507 2362 sed
535 2328 715 2362 doctorem
732 2329 899 2362 Iacobum
918 2329 1039 2362 lonam
1057 2328 1271 2362 Ferdinandi
1289 2329 1636 2369 vicecancellarium,
1664 2329 1777 2363 Sociis
1802 2330 1887 2362 ami-

126 2381 317 2422 cissimum,
344 2393 449 2425 quem
476 2381 582 2415 etiam
611 2382 646 2415 in
672 2381 803 2415 litteris
823 2382 876 2416 16.
896 2381 1053 2425 Augusti
1074 2382 1165 2415 1554
1192 2382 1235 2415 ad
1254 2382 1450 2416 Polancum
1474 2382 1568 2416 datis
1591 2381 1882 2423 „cancellariunff

124 2437 240 2469 vocat.
290 2435 325 2468 Is
359 2434 541 2478 negotium
576 2434 662 2468 illud
704 2435 1030 2479 „001npendiorum“
1070 2435 1352 2469 academicorum
1389 2435 1580 2480 praecipue
1616 2435 1887 2469 administrasse

125 2487 267 2521 videtur
295 2488 608 2531 (Hartl-Schrcwf,
635 2487 842 2531 Nachtrage
868 2489 894 2529 Ι,
924 2488 1019 2531 145).

245 2540 258 2560 ²
287 2540 393 2581 „Cum
413 2539 533 2574 Nostri
553 2540 713 2574 Viennae
733 2541 777 2574 ad
795 2541 1054 2575 Monasterium
1073 2552 1093 2574 a
1112 2540 1315 2574 Carmelitis
1334 2541 1515 2574 desertum
1540 2540 1693 2583 ingressi
1721 2539 1886 2579 fuissent,

126 2593 318 2627 cantabant
344 2592 500 2626 officium
526 2595 609 2626 tono
635 2593 787 2637 quodam
816 2594 968 2637 aequali,
995 2594 1038 2628 ob
1064 2593 1157 2637 quod
1185 2593 1224 2627 P.
1252 2594 1415 2636 Ignatius
1442 2593 1540 2627 Patri
1560 2593 1704 2637 Lanoyo
1731 2593 1886 2637 scripsit,

126 2649 166 2680 ut
191 2657 254 2691 per
279 2657 437 2679 mensem
462 2646 641 2689 integrum
665 2647 920 2691 poenitentiam
939 2647 1086 2680 faceret.
1117 2647 1237 2680 1554*
1273 2647 1503 2690 ('*Responsa
1522 2646 1751 2680 Gener-alium
1770 2645 1818 2689 [S.
1838 2645 1884 2689 J.]

126 2700 159 2733 in
196 2699 352 2733 ordinem
387 2699 544 2732 redacta.
579 2698 759 2739 Viennae,
795 2700 830 2733 in
857 2699 1073 2733 bibliotheca
1100 2699 1236 2740 aulica,
1272 2700 1357 2734 Cod.
1387 2699 1537 2733 12404*
1574 2698 1745 2742 [scriptus
1771 2699 1886 2732 medio

126 2753 200 2786 fere
226 2763 318 2785 saec.
346 2750 473 2794 XVII]
499 2751 535 2784 in
561 2763 595 2785 v.
628 2752 803 2793 „Cantus“
833 2764 866 2786 n.
895 2752 966 2795 10).
1114 2754 1126 2771 ³
1152 2752 1242 2785 Vide
1267 2763 1376 2796 supra
1402 2764 1433 2796 p.
1461 2751 1562 2785 412¹.
1589 2752 1690 2784 47:³⁵.

245 2807 257 2825 4
285 2804 425 2838 Canisio
463 2806 548 2837 tunc
582 2803 653 2837 iam
679 2804 814 2849 scripta
840 2805 953 2839 fuisse
978 2805 1147 2838 videntur
1178 2816 1197 2838 a
1224 2804 1399 2843 Polanco,
1438 2816 1528 2847 quae
1556 2804 1588 2837 S.
1618 2804 1778 2847 ignatius
1804 2804 1885 2838 Fer-

126 2858 277 2892 dinando
304 2857 415 2891 Roma
445 2857 498 2891 18.
524 2856 604 2890 Iulii
634 2857 724 2891 1554
751 2857 914 2901 scripsit:
956 2857 1063 2899 „Cum
1098 2869 1135 2891 re
1170 2857 1286 2890 scrius
1321 2858 1491 2901 pensata“
1531 2856 1623 2890 idem
1664 2856 1885 2901 „theologiae

126 2911 371 2956 compendium
398 2909 612 2950 (unionibus,
638 2911 679 2943 ut
704 2910 873 2954 populum
900 2910 1129 2951 instruerent,
1157 2913 1190 2943 et
1217 2910 1489 2954 professoribus,
1515 2912 1556 2943 ut
1582 2909 1615 2943 in
1635 2909 1768 2943 scholis
1786 2921 1885 2943 enar-

124 2965 280 3005 rarent“,
311 2963 474 3005 „minime
501 2962 692 2996 convenire
717 2974 822 3007 posse
848 2962 1165 3006 intelligeremus“‚
1197 2963 1334 3003 „visum
1353 2965 1408 2995 est
1426 2962 1580 3001 tandem,
1607 2962 1739 3007 duplici
1765 2963 1885 2997 labore

125 3019 313 3061 utrumque
340 3027 428 3061 opus
455 3015 693 3049 inchoandum
720 3016 834 3049 esse“.
884 3016 1066 3059 integram
1093 3015 1284 3059 epistulam
1311 3028 1355 3049 ex
1382 3015 1604 3059 autographo
1630 3015 1787 3050 Berolini
1826 3028 1883 3049 ex-

126 3072 244 3104 stante
263 3069 373 3103 edidit
394 3070 499 3103 Gom.
519 3069 787 3111 Friedlaender,
815 3068 1004 3111 Beitraege
1031 3080 1092 3102 zur
1110 3068 1587 3111 Reformationsgeschichte
1617 3069 1753 3112 (Berlin
1775 3069 1880 3112 18:37)

126 3134 158 3167 p.
186 3123 392 3163 277-278;
420 3124 475 3156 est
501 3121 608 3155 etiam
636 3121 670 3154 in
701 3121 848 3162 „Cartas
876 3122 918 3155 de
945 3124 1018 3154 San
1048 3120 1215 3164 Iynace'o‘'‘
1243 3121 1302 3162 IV,
1329 3121 1527 3155 467-468.

246 3176 258 3196 ⁵
284 3175 374 3209 Vide
400 3186 508 3220 supra
535 3187 567 3219 p.
594 3175 792 3208 454-455.
