2113 3430
890 780 994 822 VIII
1000 816 1006 823 .

165 884 412 941 GANISII
449 883 1030 941 AUTOBIOGRAPHIA
1068 883 1220 940 SIVE
1260 883 1742 942 GONFESSIONES

630 970 715 1025 ET
752 969 1270 1026 TESTAMENTUM.

473 1091 513 1135 1.
562 1092 1055 1145 Prolegomeua
1103 1091 1428 1134 editoris.

151 1250 314 1291 minores,
341 1250 489 1284 duorum
515 1251 659 1283 exstant
686 1249 946 1294 opusculorum,
974 1248 1103 1292 quibus
1122 1248 1286 1282 Canisius
1312 1248 1425 1282 vitam
1452 1261 1553 1283 suam
1580 1250 1656 1294 ipse
1675 1254 1828 1285 enarrat.

151 1302 220 1336 Uni
238 1302 382 1337 titulus:
414 1302 702 1345 „Confessiones“
724 1303 745 1343 ¹,
772 1302 926 1336 alterum
949 1301 1080 1336 dicitur
1102 1301 1426 1343 „Testamentum“.
1464 1302 1540 1336 Duo
1560 1302 1648 1337 haec
1675 1304 1718 1338 ab
1737 1305 1829 1338 anti-

73 1355 153 1399 quis
178 1367 284 1400 saepe
309 1355 505 1399 iunguntur
530 1355 589 1389 vel
615 1355 723 1389 etiam
749 1355 1024 1395 confunduntur,
1051 1355 1200 1399 ideoque
1226 1366 1295 1388 uno
1323 1355 1364 1388 de
1388 1354 1432 1389 iis
1450 1355 1680 1400 praeambulo
1698 1357 1828 1400 agitur.

191 1408 355 1443 Canisius
379 1409 406 1442 F
409 1408 544 1452 riburgi
570 1408 818 1443 Helvetiorum
844 1409 898 1442 21.
918 1407 1125 1442 Decembris
1147 1409 1234 1442 1597
1262 1408 1338 1442 vita
1365 1408 1555 1443 defunctus
1582 1411 1646 1444 est.
1682 1410 1830 1445 Duobus

73 1461 253 1496 mensibus
279 1464 360 1506 post
378 1461 462 1496 Otto
481 1461 700 1503 Eisenreich,
728 1461 919 1496 Societatis
945 1461 1026 1496 Iesu
1052 1473 1115 1506 per
1134 1460 1363 1495 Germaniam
1390 1461 1609 1506 superiorem
1626 1465 1712 1497 tunc
1729 1475 1829 1508 prae-

73 1515 209 1560 positus
235 1515 465 1560 provincialis
483 1535 527 1538 —
546 1515 603 1549 cui
629 1515 772 1560 quidem
800 1517 836 1549 et
861 1515 1087 1558 friburgense
1112 1514 1201 1548 illud
1227 1514 1418 1557 collegium
1435 1515 1581 1549 suberat
1598 1535 1654 1558 —‚
1681 1517 1829 1551 Romam

72 1568 116 1602 ad
142 1568 274 1602 ordinis
300 1568 355 1602 sui
380 1568 623 1602 moderatores
660 1568 824 1613 scripsit:
869 1568 1111 1612 „Repererunt
1145 1566 1257 1612 nostrj
1285 1567 1543 1611 Friburgenses
1569 1568 1661 1603 inter
1696 1570 1831 1615 scripta

73 1621 122 1656 .P.
143 1621 276 1666 Canisij
303 1633 336 1666 p.
358 1633 403 1656 m.
431 1621 543 1666 ipsius
569 1624 609 1655 ut
634 1621 711 1666 ipse
737 1623 843 1655 uocat
868 1623 1135 1662 testamentum,
1161 1620 1198 1654 in
1223 1632 1292 1664 quo
1319 1621 1363 1654 ad
1389 1621 1532 1655 modum
1560 1620 1831 1657 Confessionum

71 1673 112 1709 D.
140 1674 334 1720 Augustinj
361 1676 475 1708 totam
501 1686 603 1709 suam
628 1675 742 1709 uitam
768 1674 873 1708 ualde
899 1674 955 1719 pie
982 1676 1018 1708 et
1043 1673 1145 1719 grauj
1173 1673 1256 1708 stilo
1295 1674 1475 1708 describit.
1527 1674 1598 1709 Res
1634 1678 1689 1710 est
1726 1677 1830 1711 ualde

71 1728 225 1762 iucunda
250 1728 346 1762 lectu
380 1727 426 1773 ijs
461 1727 521 1772 qui
555 1728 734 1762 hominem
768 1729 963 1769 nonerunt,
999 1729 1035 1761 et
1070 1727 1105 1761 in
1140 1726 1325 1772 prouincia
1357 1727 1547 1770 diligent-er
1573 1729 1829 1764 asseruabitur.

72 1781 204 1826 poterit
228 1783 416 1826 praeterea
442 1781 551 1815 etiam
577 1781 767 1825 aliquando
794 1781 947 1815 multum
982 1780 1117 1815 seruire
1152 1792 1214 1825 pro
1242 1780 1431 1815 Societatis
1470 1781 1649 1816 historiast
1671 1783 1683 1802 ²
1732 1783 1831 1817 Haec

72 1845 142 1878 qua
167 1834 304 1868 ratione
331 1834 540 1868 Eisenreich
566 1835 785 1878 cognoverit,
812 1834 851 1868 P.
878 1834 1056 1868 Martinus
1082 1833 1201 1868 Licius
1228 1833 1396 1878 exponit,
1424 1834 1484 1878 qui
1512 1834 1654 1869 Canisio
1680 1838 1830 1870 mortem

72 1888 224 1922 obeunte
251 1887 392 1931 collegii
418 1887 655 1931 friburgensis
679 1890 798 1922 rector
825 1890 919 1928 erat;
955 1887 1013 1921 hic
1039 1887 1132 1921 enim
1158 1898 1250 1921 anno
1279 1887 1368 1921 1609
1395 1887 1434 1922 P.
1461 1887 1684 1923 Ferdinando
1711 1889 1830 1931 Alber,

71 1940 266 1986 praepositi
283 1940 462 1984 generalis
481 1940 515 1975 S.
536 1941 568 1975 J.
586 1953 649 1986 pro
669 1940 861 1976 Germania
884 1940 1122 1983 „assistenti‘,
1141 1939 1230 1974 haec
1248 1939 1393 1984 scripsit
1412 1940 1454 1974 de
1475 1940 1635 1976 Canisio:
1660 1941 1833 1987 „Scripsit

71 1993 288 2028 venerabilis
314 2005 444 2036 seneX,
479 2006 543 2039 per
567 1994 710 2028 modum
736 1994 971 2039 precationis,
1007 2005 1147 2028 omnem
1172 1993 1247 2027 fere
1274 2005 1376 2027 suam
1402 1994 1535 2035 vitam,
1565 2006 1636 2028 non
1662 1995 1721 2029 diu
1748 1998 1831 2030 ante

72 2048 241 2087 mortem,
276 2047 316 2081 P.
343 2046 569 2090 Sigismundo
595 2047 741 2090 Ilsungo
767 2050 852 2082 tunc
878 2048 1052 2092 scriptore
1084 2058 1172 2081 vsus
1187 2047 1210 2080 ³.
1246 2048 1302 2080 est
1335 2046 1477 2081 libellus
1512 2047 1549 2081 in
1575 2048 1628 2082 80.
1680 2048 1833 2094 Scripsit

74 2102 109 2134 et
134 2100 247 2133 vitam
273 2099 369 2134 illius
395 2100 436 2133 R.
463 2099 505 2134 D.
531 2099 663 2134 Doctor
688 2100 899 2134 WVerronius
925 2100 1164 2134 Ecclesiastes
1189 2099 1452 2143 Friburgensis.
1504 2100 1704 2145 Utrumque
1739 2104 1831 2137 trac-

72 1208 150 1316 111
176 1196 392 1242 apographis
418 1196 574 1240 antiquis
600 1198 707 1240 atque
734 1197 842 1230 etiam
867 1197 903 1230 in
938 1195 1040 1230 libris
1074 1195 1254 1230 nonnullis
1288 1198 1411 1240 partes
1437 1197 1630 1240 quaedam,
1666 1198 1830 1239 maiores,

194 2225 204 2244 ¹
229 2224 325 2258 Bene
352 2223 573 2267 distinguere
599 2224 739 2268 oportet
764 2223 829 2257 has
852 2223 1143 2265 „Confessiones‘
1171 2234 1191 2256 a
1209 2223 1310 2257 brevi
1327 2222 1390 2257 illa
1413 2222 1697 2266 „Confessione“,
1724 2236 1828 2268 quam

72 2276 236 2311 Canisius
261 2276 415 2321 primum
434 2287 524 2310 anno
545 2276 631 2310 1571
653 2276 877 2310 inserendam
896 2276 1037 2311 curavit
1053 2287 1140 2311 suae
1164 2275 1350 2318 „Summae
1369 2276 1551 2310 doctrinae
1571 2276 1830 2320 Christianae‘,

70 2329 235 2373 Dilingae
260 2332 346 2364 tunc
372 2329 486 2364 denuo
513 2329 650 2367 editae,
686 2332 794 2373 atque
831 2329 939 2364 etiam
974 2341 1038 2364 suo
1069 2329 1436 2372 ⁷,Commentariorum
1463 2329 1504 2363 de
1530 2329 1640 2364 Verbi
1665 2330 1730 2364 Dei
1757 2343 1830 2365 cor-

70 2382 222 2428 ruptelis
247 2383 337 2417 libro
362 2383 511 2428 primo“,
546 2383 676 2417 ibidem
701 2384 788 2417 tunc
814 2383 850 2416 in
875 2383 992 2417 lucem
1019 2383 1159 2417 emisso.
1211 2382 1308 2424 Quae
1334 2384 1458 2427 postea
1484 2383 1693 2427 saepissime
1718 2385 1831 2418 variis

72 2435 205 2470 Canisii
239 2436 339 2470 libris
374 2436 513 2470 adiecta
547 2438 603 2470 est
637 2436 866 2480 continetque
901 2436 1110 2470 sollemnem
1135 2434 1394 2481 professionem
1419 2435 1501 2469 fidei
1527 2437 1563 2469 et
1588 2436 1831 2471 oboedientiae

72 2500 157 2532 erga
183 2489 304 2523 sedem
330 2489 573 2534 apostolicam.
607 2489 660 2523 De
686 2500 756 2533 qua
782 2489 827 2523 cf.
854 2490 1137 2534 Bramzsberyer,
1164 2488 1422 2523 Katechismen
1448 2488 1510 2522 des
1536 2488 1673 2532 seligen
1699 2489 1830 2524 Petrus

73 2541 236 2576 Canisius
262 2554 294 2587 p.
322 2543 472 2577 94-96.

191 2595 204 2615 ²
229 2595 246 2614 *
260 2594 424 2640 Epistula
441 2595 674 2640 autographa,
693 2595 777 2629 data
795 2595 888 2630 Hala
906 2596 962 2630 25.
980 2594 1165 2629 Februarii
1186 2594 1287 2629 1598.
1308 2594 1392 2629 Cod.
1408 2596 1551 2638 „Gmwn
1574 2596 1698 2639 &96⁴2
1713 2596 1736 2630 f.
1752 2597 1828 2631 103.

191 2648 204 2668 ³
229 2647 268 2682 P.
288 2647 536 2692 Sigismundus
554 2648 678 2692 Ilsung
701 2650 778 2682 erat
799 2648 1067 2692 „Erblingensis
1086 2647 1319 2682 Austriacus“
1338 2661 1344 2688 ;
1370 2650 1532 2681 mortuus
1550 2650 1605 2682 est
1625 2649 1654 2682 1.
1674 2648 1828 2684 Ianuarii

75 2701 161 2736 1631
181 2700 346 2744 Friburgi
364 2700 611 2735 Helvetiorum
638 2712 729 2735 anno
756 2701 886 2736 aetatis
909 2702 976 2743 76„
1002 2701 1100 2735 vitae
1125 2701 1162 2734 in
1180 2700 1214 2734 S.
1236 2701 1268 2735 J.
1295 2703 1462 2745 peractae
1488 2701 1555 2741 54„
1587 2702 1829 2746 „potissimam

71 2757 227 2789 aetatem
244 2754 280 2788 in
299 2753 535 2797 collegiorum
553 2754 773 2799 ministerijs,
791 2755 1086 2799 procurandaque
1104 2753 1272 2787 familiari
1290 2765 1327 2787 re
1344 2781 1350 2787 .
1367 2781 1374 2787 .
1391 2781 1397 2788 .
1413 2755 1616 2788 uersatus“.
1644 2755 1661 2772 *
1678 2757 1827 2799 υΕῖοφά

72 2808 266 2842 Hominum
294 2809 518 2851 [Uncti-inm,
556 2810 617 2851 qni
645 2809 682 2841 in
707 2809 906 2841 Prom'nce'a
934 2809 1143 2851 Sapei-loris
1173 2808 1388 2840 Germaniae
1414 2806 1600 2840 rimi-unffi
1628 2819 1660 2852 p.
1689 2808 1828 2842 82—83

75 2860 173 2904 (Cod.
200 2860 342 2895 saeculo
368 2860 481 2894 XVII.
508 2860 683 2905 scriptus,
719 2860 899 2894 Monachii
933 2859 969 2894 in
1005 2860 1151 2894 archivo
1178 2859 1279 2903 regni
1305 2859 1465 2893 bavarici
1492 2859 1615 2894 Iesuit.
1644 2860 1744 2895 Fasc.
1776 2862 1828 2902 11,

71 2913 124 2948 No
153 2914 296 2957 196¹s2).
346 2913 414 2947 Hic
453 2913 505 2947 13.
532 2913 619 2947 Maii
648 2913 737 2947 1:382
765 2913 964 2958 Oeniponte
999 2913 1033 2947 111
1071 2912 1222 2947 ecclesia
1257 2912 1400 2956 collegii
1427 2912 1460 2946 S.
1487 2913 1519 2947 J.
1556 2913 1721 2948 adstante
1747 2914 1827 2948 Fer-

72 2967 224 3001 dinando
250 2967 294 3001 ΙΙ.
320 2966 510 3000 archiduce
536 2966 690 3011 primum
716 2966 790 3000 Deo
816 2978 958 3001 sacrum
986 2966 1174 3000 obtulerat.
1218 2965 1334 3000 *Cod.
1366 2967 1542 3008 „Jne'te'um
1570 2972 1599 3000 et
1618 2979 1829 3010 profiressus

75 3021 220 3063 Colleyzsj
245 3022 428 3054 Societatis
453 3021 532 3054 Jesv
562 3020 815 3063 Oene'pontanst
854 3031 888 3064 p.
915 3020 969 3053 34.
1022 3018 1132 3053 Cuius
1166 3030 1293 3052 nomen
1329 3018 1364 3052 in
1400 3019 1582 3059 omnibus,
1621 3031 1709 3063 quos
1743 3021 1828 3062 vidi,

72 3073 148 3108 eius
178 3073 348 3118 temporis
384 3072 560 3117 catalogis
594 3072 721 3107 annuis
754 3074 829 3113 est,
864 3072 994 3117 quibus
1029 3071 1170 3115 collegii
1205 3071 1301 3107 illius
1328 3072 1568 3115 friburgensis
1596 3073 1681 3106 socii
1709 3085 1828 3107 recen-

72 3127 215 3161 sentur:
247 3137 327 3160 ann.
365 3125 466 3161 1589.
505 3126 603 3161 1592.
643 3125 743 3160 1593.
778 3126 879 3160 1594.
908 3126 1009 3160 1595.
1039 3125 1139 3159 1596.
1169 3125 1270 3159 1597.
1321 3124 1436 3159 *Cod.
1465 3126 1608 3168 „Cim-m.
1637 3129 1722 3170 Sul).
1754 3128 1826 3160 Cat.

75 3182 175 3216 1566.
205 3178 330 3213 1599*st

140 3243 448 3275 Braunsberger‚
468 3244 578 3269 Canisii
598 3243 755 3275 Epistulae
775 3244 803 3267 et
824 3244 908 3268 Acta.
932 3244 954 3268 Ι.
1533 3240 1548 3270 l
