2113 3430
228 202 312 242 336
526 198 603 232 119.
640 197 790 231 Ioannes
817 197 859 231 de
886 197 1041 231 Polanco
1068 196 1222 232 Canisio.
1267 198 1320 232 17.
1347 198 1560 234 Novembris
1589 199 1690 234 1551.

227 329 472 357 successum
505 314 665 367 Synodi
708 316 963 368 promoueat
995 313 1307 367 Episcoporum
1348 314 1614 368 frequentia,
1658 330 1766 370 quae
1807 315 1990 357 multum

227 380 405 422 adderet
446 378 696 422 autoritatis
737 382 781 421 et
822 377 941 428 fidei,
985 378 1149 421 vellent
1189 378 1353 420 nollent
1385 379 1635 423 aduersarii.
1698 380 1990 423 Louanienses

227 444 431 497 theologi,
466 447 509 486 et
541 458 647 486 sane
679 443 964 497 percelebres
998 442 1147 497 paucis
1169 446 1287 485 retro
1311 443 1459 485 diebus
1482 444 1784 495 discesserunt,
1819 446 1990 498 iamque

226 510 478 552 Tridentum
503 508 653 563 opinor
674 508 953 563 pervenerint
969 509 997 550 1.
1031 507 1240 550 Dominus
1263 507 1383 549 Iesus
1401 508 1639 551 Ecclesiam
1661 524 1782 552 suam
1798 513 1987 559 tueatur,

226 578 269 617 et
303 575 344 617 C.
381 574 427 617 T.
463 577 703 617 conseruet.
758 573 1015 626 Ingolstadii
1052 574 1177 615 1551.
1216 574 1267 615 19
1303 573 1420 627 Sept.

773 655 1111 698 REVEREND.
1146 655 1355 698 OELSIT.
1391 655 1438 698 T.

1436 726 1595 769 Seruus
1627 726 1671 767 in
1703 727 1870 769 Christo

1435 791 1608 833 PETRvs
1641 791 1864 834 CANisivs.

344 879 859 922 REVERENDISSIMO
893 879 958 921 IN
990 878 1234 921 CHRISTO
1268 878 1443 920 PATRI
1476 879 1549 921 ET
1582 878 1811 921 DOMINO
1854 879 1989 929 MEO,

226 944 498 988 EPISCOPO
534 944 974 987 NVMBVRGENSI.

1051 1072 1163 1114 119.

646 1171 709 1213 P.
742 1170 1062 1213 IOANNES
1095 1171 1193 1213 DE
1228 1168 1568 1213 POLANGO

924 1257 1067 1291 nomine
1093 1257 1126 1291 S.
1154 1257 1287 1301 Ignatii

969 1341 1242 1389 CANISIO.

842 1443 952 1479 Roma
977 1443 1024 1480 17.
1050 1443 1262 1480 Novembris
1289 1443 1373 1480 1551.

342 1527 397 1561 Ex
424 1528 685 1570 „Monumentis
710 1525 909 1561 historicis<
938 1526 971 1561 S.
1000 1527 1032 1561 J.
1060 1527 1082 1561 1.
1111 1539 1139 1578 8.
1167 1539 1200 1572 p.
1228 1527 1307 1568 261,
1334 1527 1453 1561 adnot.
1481 1526 1512 1561 2.

344 1612 569 1661 „Polcmzczcs‚
599 1624 643 1647 zzz·
670 1612 952 1659 commissione,
982 1611 1137 1648 Nicolao
1167 1610 1378 1657 Gandano,
1406 1623 1481 1647 ‘non
1504 1622 1616 1659 posse
1644 1609 1892 1657 Arqentmnti
1922 1608 1990 1644 Ca-

218 1671 342 1720 pitulo
372 1684 508 1707 morem
538 1671 621 1718 fleri
649 1671 687 1706 *in
719 1671 768 1706 ‘iis
798 1682 893 1718 quae
921 1671 1023 1707 circa
1053 1670 1252 1707 Ccme'simn
1275 1670 1443 1718 postulas
1461 1670 1487 1718 ²,
1528 1670 1605 1706 nisi
1632 1669 1816 1705 habeatur
1845 1668 1990 1717 Ignatii

225 1743 424 1768 consensus
462 1735 494 1766 et
527 1730 718 1776 Pontifici-5
755 1730 889 1777 reum,-
926 1729 1066 1766 scribat
1105 1731 1223 1778 issitm·
1253 1729 1472 1778 Capitulemr
1511 1733 1588 1765 tum
1621 1728 1796 1774 Pontifici
1835 1732 1866 1763 et
1897 1726 1990 1764 Car-

225 1791 347 1827 de'nali
375 1789 536 1837 Maffw,
585 1793 663 1825 tecm
694 1788 866 1837 Iynatio,
895 1790 947 1825 20
977 1788 1146 1826 Octobris
1173 1787 1335 1836 [1551]
1392 1788 1496 1825 Idem
1527 1789 1709 1836 &creptum
1742 1792 1794 1823 est
1824 1788 1990 1835 (Ismelse'o,

226 1850 278 1885 17
309 1849 531 1886 Norembris
548 1847 581 1869 ³⁶·
615 1846 776 1894 [1551]

343 1929 434 1963 Vide
460 1940 569 1973 supra
595 1940 628 1973 p.
657 1927 736 1962 281.

348 2064 357 2083 ¹
385 2061 541 2096 Concilio
575 2061 770 2095 tridentino
806 2072 837 2095 a.
868 2061 954 2095 1551
993 2063 1029 2094 et
1057 2061 1147 2095 1552
1182 2062 1423 2095 interfuerunt
1449 2060 1656 2095 Leonardus
1683 2060 1832 2094 Ioannes
1859 2059 1990 2094 Hasse-

225 2116 330 2155 linus,
359 2115 506 2149 Iodocus
532 2114 730 2155 Tiletanus,
758 2114 924 2148 Ruardus
951 2114 1147 2159 Tapperus,
1173 2114 1386 2149 Franciscus
1413 2114 1576 2149 Sonuius.

344 2169 357 2189 ‘2
382 2168 613 2212 Argentorati
630 2167 885 2212 (Strassburg),
904 2178 995 2211 quae
1013 2168 1099 2202 urbs
1118 2167 1279 2208 Alsatiae
1298 2171 1353 2202 est
1372 2168 1580 2213 principalis
1595 2170 1631 2202 et
1648 2170 1733 2202 tunc
1752 2166 1986 2212 „imperialis“

224 2222 302 2256 sive
329 2222 441 2256 libera
467 2224 563 2263 erat,
599 2232 691 2255 anno
720 2221 810 2255 1529
836 2223 984 2255 senatus
1011 2221 1046 2254 in
1072 2221 1160 2255 urbe
1186 2222 1334 2265 eiusque
1361 2233 1447 2265 agro
1473 2221 1604 2255 missae
1631 2220 1847 2255 sacrificium
1875 2219 1991 2253 offerri

225 2275 360 2316 vetuit3
388 2275 424 2309 in
450 2275 602 2309 ecclesia
630 2274 826 2308 cathedrali
846 2274 987 2319 Gaspar
1004 2274 1128 2315 Hedio,
1156 2274 1330 2309 ecclesiae
1357 2286 1524 2308 romanae
1547 2274 1823 2314 infensissimus,
1851 2284 1993 2307 sacrum

225 2331 439 2372 suggestum
465 2328 673 2373 occupabat.
708 2327 757 2361 At
781 2327 931 2361 Carolus
950 2327 992 2361 V.
1020 2327 1112 2361 bello
1139 2327 1370 2361 smalcaldico
1397 2327 1551 2361 feliciter
1577 2330 1680 2370 gesto
1708 2326 1993 2369 Argentinenses

226 2382 354 2425 coegit,
383 2384 421 2415 ut
447 2392 538 2415 anno
568 2381 658 2415 1549
684 2380 937 2425 promitterent
963 2380 1100 2415 cultum
1127 2380 1343 2415 catholicum
1369 2381 1405 2414 in
1432 2381 1569 2424 aliquot
1595 2380 1757 2414 ecclesiis
1783 2379 1991 2414 restitutum

225 2434 278 2469 iri.
323 2435 494 2469 Erasmus
530 2434 572 2468 de
607 2434 798 2477 Limburg,
834 2435 1024 2479 episcopus
1059 2434 1343 2477 argentinensis,
1380 2434 1503 2468 urbem
1539 2434 1725 2477 ingressus
1760 2433 1992 2468 ecclesiarum

226 2488 369 2522 illarum
407 2488 670 2533 possessionem
705 2487 933 2532 recuperavit
967 2487 1140 2521 Kalendis
1178 2487 1382 2521 Februariis
1420 2487 1520 2521 1550.
1571 2487 1757 2521 Protasius
1793 2485 1994 2521 Gebweiler

226 2541 398 2575 ecclesiae
426 2540 643 2575 cathedralis
671 2540 888 2574 constitutus
914 2542 971 2574 est
996 2540 1172 2585 parochus
1199 2540 1235 2574 in
1261 2552 1375 2585 eaque
1409 2540 1563 2583 singulis
1598 2540 1784 2575 dominicis
1819 2542 1854 2574 et
1888 2539 1993 2573 festis

228 2595 351 2628 diebus
378 2606 482 2628 mane
509 2595 545 2627 et
571 2605 721 2638 vespere
749 2605 931 2627 sermones
958 2604 1080 2627 sacros
1106 2594 1279 2635 habebat,
1316 2605 1395 2627 cum
1423 2594 1536 2627 Hedio
1571 2596 1783 2637 suggestum
1819 2604 1922 2627 suum
1949 2604 1993 2626 ex

227 2647 425 2681 cathedrali
452 2647 605 2681 ecclesia
631 2647 666 2680 in
694 2658 772 2681 eam
798 2646 1065 2688 transtulisset,
1098 2658 1190 2691 quae
1215 2647 1529 2681 Dominieanorum
1555 2647 1684 2681 fuerat.
1736 2646 1807 2681 Sub
1834 2656 1992 2680 mensem

228 2700 471 2745 Septembrem
500 2711 530 2734 a.
561 2701 647 2734 1551
677 2700 838 2734 canonici
864 2700 993 2734 summi
1020 2700 1145 2744 templi
1181 2700 1224 2734 ad
1252 2700 1434 2734 Canisium
1469 2700 1711 2745 scripserunt,
1747 2702 1786 2733 ut
1812 2719 1857 2722 —
1882 2698 1993 2732 verba

227 2756 309 2786 sunt
338 2753 449 2797 ipsius
476 2753 610 2787 Canisii
638 2753 670 2786 2.
690 2753 845 2786 Ianuarii
867 2753 956 2786 1552
983 2753 1124 2796 lgnatio
1149 2753 1341 2787 scribentis
1366 2773 1411 2776 —
1443 2753 1709 2795 „ecclesiastem
1736 2755 1882 2787 acturus
1907 2751 1992 2784 illuc

229 2806 379 2841 veniret.
408 2808 469 2840 aut
496 2808 592 2840 certe
619 2806 763 2850 quidem
790 2808 843 2840 tot.
869 2806 983 2840 modis
1009 2806 1166 2840 afflictae
1193 2806 1367 2841 ecclesiae
1393 2818 1479 2841 suae
1497 2808 1632 2841 statum
1651 2805 1762 2840 semel
1780 2804 1990 2849 inspiceret:

229 2862 415 2893 curaturos
442 2872 479 2893 se
506 2860 620 2893 modis
647 2859 821 2899 omnibus,
849 2861 888 2893 ut
914 2862 1104 2904 susceptae
1132 2860 1430 2904 peregrinationis
1456 2872 1536 2894 eum
1562 2870 1744 2903 nunquam
1770 2857 1987 2902 1108811818ῒὲι

231 2913 295 2953 rell.
330 2913 388 2945 Th.
417 2915 457 2944 'lv
484 2914 688 2956 ljns.s·e'11)·)·e,
725 2912 883 2946 Histoire
919 2913 965 2946 du
1001 2912 1298 2957 developpement
1332 2913 1378 2946 du
1405 2912 1702 2947 Protestantisme
1728 2913 1748 2945 a
1775 2910 1991 2954 Strasbourg

229 2968 263 2996 et
291 2976 331 2996 vn
363 2965 489 2997 Ais-ace
517 2965 748 3008 [strasbonrg
777 2965 880 3009 1859]
909 2965 935 3001 Ι.
962 2965 1170 3006 293—301;
1198 2966 1241 3007 ll,
1269 2966 1396 3000 5—14.
1431 2967 1474 3000 L.
1506 2967 1547 3000 G.
1578 2965 1751 3008 Gloelder,
1776 2963 1990 2998 Gescllichte

230 3017 292 3049 (les
319 3017 502 3051 ljixlhums
529 3017 737 3061 Stral'sburg
766 3018 778 3051 Ι
806 3018 1031 3062 [Stral'sburg
1059 3018 1175 3063 1879],
1204 3019 1282 3053 366.
1310 3019 1507 3054 377—400.
1558 3019 1753 3060 Polam-ns,
1793 3016 1991 3050 Chronicon

233 3069 272 3108 ll,
301 3069 397 3111 2551).

349 3121 362 3140 ³
388 3121 551 3155 Canisins
578 3123 735 3166 capitulo
761 3123 972 3157 satisfacere
999 3135 1067 3157 non
1094 3123 1209 3168 potuit
1236 3124 1303 3157 nisi
1331 3123 1474 3157 ineunte
1501 3134 1592 3156 anno
1621 3121 1730 3161 155&
1762 3122 1814 3155 17.
1835 3121 1990 3156 Ianuarii

233 3173 320 3207 1558
349 3174 578 3216 Argentoraii
608 3175 640 3207 in
669 3175 820 3209 ecclesia
848 3176 1045 3210 cathedrali
1072 3187 1271 3210 sermonem
1298 3187 1438 3210 sacrum
1466 3174 1600 3208 habuit.
