2113 3430
351 220 383 256 2.
417 221 470 256 De
497 221 629 257 Canisii
655 223 820 268 epistulis
846 226 881 258 et
907 225 949 259 de
974 225 1111 260 ratione
1136 225 1172 260 in
1197 226 1242 261 iis
1268 227 1414 262 edendis
1440 230 1597 263 servata.
1698 245 1854 274 XXXIII

91 336 254 380 ponenda
280 340 385 372 erunt
410 338 545 383 scripta
570 338 713 380 italica,
749 352 841 384 quae
877 352 956 375 cum
991 341 1115 385 lingua
1149 343 1270 378 italica
1305 344 1440 379 saeculi
1466 346 1580 380 nostri
1606 347 1759 382 multum
1785 348 1855 383 dis·

91 391 240 433 crepant
265 392 310 431 et,
338 402 358 424 a
376 391 546 436 Hispanis
573 403 653 426 cum
679 393 815 438 scripta
837 394 919 435 sint,
945 394 1220 439 hispanicismos
1246 396 1356 430 etiam
1381 409 1647 443 nonnumquam
1674 400 1855 436 admixtos

90 440 221 476 habere
255 442 433 477 videntur.
483 443 524 477 In
558 443 615 478 his
649 457 754 490 porro
790 446 956 491 epistulis
992 448 1178 492 antiquum
1212 448 1385 483 Italorum
1419 462 1619 486 sermonem
1658 464 1678 486 a
1715 454 1856 490 mendis

91 493 331 539 Hispanorum
358 498 394 530 et
419 507 440 530 a
464 496 692 532 librariorum
726 498 872 534 libidine
907 512 1112 542 secernere,
1148 513 1318 545 germano
1353 502 1485 537 homini
1517 504 1699 540 difficilius
1726 507 1855 549 fuerit;

89 547 190 582 Italis
216 547 306 583 haec
331 548 529 584 dirimenda
556 551 763 586 offeruntur.
808 551 943 593 Quibus
970 556 1089 587 autem
1116 555 1343 597 germanicae
1369 558 1478 600 atque
1504 557 1648 592 italicae
1674 560 1854 595 orationes

89 600 140 634 ita
166 601 409 636 conformatae
434 614 504 636 non
531 603 744 647 placebunt,
771 606 955 640 versiones
981 606 1113 641 latinas
1140 607 1260 650 legere
1285 610 1473 653 poterunt,
1507 610 1653 653 iisdem,
1680 614 1720 646 ut
1744 624 1854 658 supra

89 652 223 687 dictum
253 656 326 696 est,
362 655 599 691 subiciendas.
650 657 727 691 Hoc
754 669 894 702 quoque
920 659 1002 693 addi
1028 662 1166 704 potest:
1202 660 1243 694 In
1269 661 1358 695 viris
1392 663 1534 706 magnis
1568 675 1684 708 neque
1710 665 1777 700 hoc
1802 666 1853 700 in-

88 705 280 741 iucundum
307 709 371 748 est,
399 708 540 753 videre,
568 711 742 754 quomodo
769 712 879 746 verba
904 712 1046 756 singula
1072 712 1265 757 pinxerint,
1296 717 1484 759 parcentes
1510 728 1545 751 v.
1571 728 1605 760 g.
1632 717 1764 752 litteris
1791 721 1854 753 aut

88 759 235 803 prodige
262 771 322 794 eas
348 761 590 804 cuniulantes3
615 774 697 798 nam
723 764 790 798 hoc
816 776 956 809 quoque
982 765 1026 799 ad
1053 778 1174 800 eorum
1199 766 1354 801 indolem
1379 779 1568 814 moresque
1587 772 1853 814 cognoscendos

88 811 207 847 facere
232 815 362 858 potest.

206 895 485 934 Verumtamen
522 898 620 935 haec
659 898 788 936 omnia
826 912 922 948 pace
961 901 1169 938 multorum
1203 902 1375 940 virorum
1405 903 1717 943 doctissimorum
1747 906 1852 944 dieta

87 952 177 999 sint,
207 954 272 1003 qui
301 955 416 993 aliter
445 960 608 1004 egerunt
636 958 699 994 vel
729 962 861 1006 agunt.
898 959 986 997 Hoc
1015 963 1167 997 tantum
1197 961 1322 1000 editor
1349 962 1459 1011 petit,
1490 966 1534 1001 ut
1563 977 1634 1002 sua
1665 964 1739 1003 sibi
1764 978 1852 1003 con-

87 1015 166 1050 stet
193 1013 369 1053 libertas.

86 1151 122 1184 in
153 1152 328 1197 „Corpore
355 1152 640 1191 Catholicorum‘f
671 1155 763 1199 quod
792 1155 1050 1190 conficiendum
1079 1157 1251 1202 proponit,
1282 1159 1418 1204 scripta
1444 1160 1619 1205 imprimis
1645 1162 1852 1205 germanica

85 1204 233 1239 liberius
257 1207 446 1240 tractanda
472 1218 571 1248 esse;
596 1219 663 1241 nec
688 1210 807 1242 tamen
833 1208 1028 1243 infitiatur:
1056 1209 1092 1243 Si
1119 1210 1265 1245 liberius
1283 1223 1391 1255 agere
1408 1212 1537 1257 placet,
1570 1226 1631 1256 „so
1654 1215 1747 1249 lasst
1772 1215 1850 1250 sich

87 1269 154 1291 nur
178 1258 318 1293 schwer
352 1259 408 1293 die
441 1258 541 1294 Linie
575 1260 766 1302 zeichnen,
801 1262 936 1296 welche
971 1262 1214 1298 festzuhalten
1248 1264 1319 1299 sei“
1353 1265 1560 1309 (Katholik,
1597 1268 1652 1302 71.
1681 1268 1807 1313 Jahrg.
1835 1269 1850 1302 I

87 1310 219 1354 [Mainz
248 1311 362 1356 1891]‚
388 1324 421 1357 p.
447 1313 666 1357 440—463).

148 3276 452 3310 Braunsberger,
473 3280 583 3304 Canisii
602 3281 760 3312 Epistulae
779 3283 809 3306 et
829 3284 912 3307 Acta.
937 3284 959 3308 1.
1535 3294 1552 3315 c
