2113 3430
506 208 776 244 confessionum
803 209 936 244 Canisii
960 208 1051 244 liber
1075 208 1212 254 primus
1240 208 1285 253 (c.
1315 209 1420 253 1570)
1450 210 1481 244 6.
1511 211 1541 244 7.
1859 213 1911 254 29

150 340 227 380 pro
259 340 328 368 me
358 326 463 369 item
495 327 739 381 supplicent
771 327 937 380 gloriae
969 329 1084 377 tuae,
1120 329 1164 369 et
1196 326 1248 367 in
1290 326 1575 369 charitate
1608 341 1711 368 non
1742 326 1910 369 ficta1

149 394 224 433 tuo
247 391 428 433 excitati
451 391 613 446 Spiritu
636 391 792 442 dicant,
817 395 861 434 et
882 395 1084 446 repetant
1106 405 1235 445 saepe
1259 391 1424 433 SANC
1438 392 1576 442 TVS,
1603 391 1859 434 SANCTV
1869 392 1909 440 S,

152 456 455 498 SANCTVS
486 456 747 498 Dominus
779 458 922 498 Deus
957 456 1243 499 Sabaoth2.
1307 457 1516 498 Destruat
1538 457 1655 498 Deus
1687 460 1836 499 noster
1866 456 1909 497 in

149 520 230 562 hac
261 521 407 562 infima
439 523 640 563 creatura
671 524 895 575 peccatum
915 523 944 571 3,
988 524 1031 563 et
1064 523 1263 563 exstruat
1303 520 1346 561 111
1379 534 1443 570 03,
1477 521 1756 574 perficiatque
1789 535 1908 575 opUS,

149 585 262 638 quod
294 585 435 639 coepit
468 586 650 628 dextera
683 587 794 637 eius,
836 586 879 627 in
912 586 1082 628 laudem
1115 588 1160 628 et
1191 585 1374 639 gloriam
1406 586 1518 627 hanc
1551 586 1680 628 dicti³
1712 585 1910 628 Nominis

150 649 215 691 sui
247 648 592 704 sempiternamh.
657 652 809 693 Amen.
873 650 1014 693 Amen
1030 652 1058 693 4.

269 863 444 907 Gratias
477 879 559 918 ago
592 865 671 908 tibi
704 879 758 908 ex
789 865 951 908 intimis
975 865 1144 907 animae
1166 879 1288 907 meae
1320 864 1556 907 visceribus
1579 863 1910 906 clementissime

148 928 278 979 Deus,
314 929 513 981 Creator,
558 931 773 982 salvator,
821 934 864 973 et
896 933 1118 985 protector
1149 945 1282 980 meus,
1316 930 1431 980 vita,
1469 929 1685 983 refugium
1717 931 1761 971 et
1793 929 1909 970 salus

148 1006 245 1035 mea
278 994 473 1036 omnibus
506 995 667 1045 diebus,
702 998 746 1038 et
777 995 1019 1046 momentis,
1054 995 1207 1049 quibus
1238 995 1283 1036 in
1314 995 1394 1037 hoc
1420 994 1617 1036 mortalis
1648 993 1768 1035 vitae
1799 996 1910 1035 tem-

147 1061 351 1112 pestuoso
393 1060 500 1113 marj
535 1060 854 1114 circumvagor,
897 1060 1115 1114 varijsque
1147 1060 1285 1102 modis
1325 1061 1380 1102 ad
1411 1060 1526 1102 mala
1559 1062 1603 1102 et
1633 1059 1747 1100 bona
1778 1058 1909 1100 mira-

148 1123 293 1166 biliter
323 1124 541 1178 impellor,
585 1128 632 1168 ut
664 1124 853 1167 nesciam
887 1139 1038 1179 saepe,
1084 1125 1178 1178 quis
1210 1140 1278 1167 me
1310 1128 1467 1168 ventus
1500 1124 1651 1178 agitet,
1698 1138 1780 1177 quo
1812 1138 1910 1165 mea

149 1188 317 1231 feratur
337 1190 551 1240 navicula,
587 1204 669 1244 quo
701 1190 745 1231 in
776 1190 870 1232 1000
896 1190 1113 1241 haeream,
1149 1193 1193 1232 et
1225 1191 1436 1244 quomodo
1460 1204 1630 1232 cursum
1652 1203 1794 1230 meum
1826 1188 1908 1231 rite

149 1253 328 1295 debeam
360 1269 627 1308 promovere.
691 1255 740 1296 Id
773 1255 886 1308 quod
930 1255 1060 1297 etiam
1096 1255 1351 1309 experiebar
1382 1256 1628 1304 Anconae⁰,
1673 1268 1768 1295 cum
1807 1253 1908 1295 illuc

148 1333 233 1360 una
281 1333 376 1360 cum
424 1318 667 1362 Cardinalid
712 1320 999 1373 Augustano5
1048 1320 1269 1374 profectus
1321 1320 1536 1362 venissem
1588 1333 1735 1360 mense
1787 1318 1907 1360 Iunio

149 1383 263 1424 Anni
298 1386 409 1426 1568
424 1385 451 1427 6.
516 1386 644 1427 Cume
676 1399 780 1427 vero
812 1385 969 1427 ibidem
1007 1384 1051 1426 in
1084 1385 1331 1427 Cathedrali
1362 1384 1559 1427 Ecclesia
1600 1383 1907 1426 conscientiam

267 1499 280 1514 ³
302 1496 469 1529 Fortasse
495 1497 673 1539 Zeyendum
701 1502 770 1530 est:
794 1496 945 1539 gloriam
970 1495 1200 1530 sanctissimi.
1346 1494 1360 1515 b
1382 1495 1640 1540 sempiternum
1667 1496 1740 1528 cod.
1768 1506 1858 1528 mon.

267 1552 278 1567 ⁰
303 1549 579 1593 Ναιϊαΐῖοηνηι,
606 1561 695 1593 quae
720 1551 776 1584 hie
801 1552 971 1594 seqnitur,
999 1551 1103 1583 etiam
1131 1550 1326 1583 Saccleinns
1345 1561 1384 1593 l).
1414 1552 1600 1583 256—259
1626 1549 1783 1590 e.1·7e2·bet,·
1809 1549 1909 1581 addit

153 1600 336 1634 Canise'zcm
366 1602 626 1643 „adnotandam
652 1602 728 1637 eius
754 1603 961 1636 memoriam
987 1601 1120 1646 scripto
1148 1602 1375 1643 censuisse‘;
1403 1614 1445 1635 (ιτ
1470 1613 1538 1646 qno
1555 1604 1686 1645 scripto
1705 1602 1752 1634 ad
1770 1601 1907 1634 verbum

149 1655 264 1687 reddit
289 1657 516 1689 sententiam:
555 1655 604 1697 „O
627 1658 792 1690 sanctum
820 1656 885 1690 1100
913 1656 1070 1689 studium
1101 1683 1108 1690 .
1137 1683 1143 1689 .
1173 1682 1180 1689 .
1209 1655 1492 1700 corruptionem,
1524 1655 1726 1689 miseriam“
1759 1655 1811 1697 (p.
1839 1656 1908 1687 258

148 1708 196 1740 ad
221 1709 313 1750 259,·
338 1709 414 1742 ride
441 1710 573 1751 infra).
718 1708 732 1729 ‘³
757 1709 944 1743 Cardinale
971 1711 1043 1743 cod.
1072 1720 1162 1743 mon..

266 1765 278 1780 Ε
303 1762 439 1803 Python
459 1764 511 1806 (J).
530 1764 738 1804 256—260)
751 1776 762 1796 .·
791 1763 888 1805 „Hoc
904 1762 941 1796 in
958 1762 1096 1803 itinere,
1122 1761 1299 1806 singulari
1317 1762 1468 1806 quodam
1487 1762 1623 1802 favore,
1642 1772 1746 1805 quem
1764 1760 1800 1794 in
1818 1759 1907 1794 libro

149 1812 431 1855 Confessionum,
459 1827 538 1850 cum
556 1816 630 1850 Deo
657 1828 720 1850 suo
746 1816 895 1860 loquens
914 1816 1102 1850 describit:
1129 1815 1252 1858 ,Cu1n‚‘
1279 1815 1406 1859 inquit,
1433 1816 1621 1857 ,Anconae,
1647 1814 1684 1848 111
1703 1813 1908 1848 Cathedrali

148 1866 333 1909 Ecclesia,
361 1869 616 1903 conscientiam
642 1869 904 1913 examinarem,
933 1869 1142 1914 aperuisti‘“
1172 1875 1231 1903 etc.
1284 1870 1489 1913 Sequuntur
1515 1871 1654 1912 omnia,
1681 1879 1770 1912 quae
1794 1879 1907 1910 supra

142 1927 344 1965 ponuntur,
373 1934 478 1966 nsque
503 1923 551 1955 ad
574 1924 677 1965 finem
703 1923 809 1956 leuius
835 1925 971 1966 capitis.
1007 1924 1173 1967 Dore'yny
1194 1928 1335 1967 partem
1361 1927 1499 1956 tantum
1524 1923 1632 1955 lenius
1658 1922 1843 1955 relationis
1861 1922 1908 1953 ad

151 1974 289 2007 verbum
315 1976 522 2019 desc·ripsit;
548 1981 660 2009 cetera
686 1977 780 2009 brer?
804 1988 962 2010 sermone
988 1978 1199 2010 constrinxit
1223 1988 1259 2020 p.
1287 1979 1365 2010 309.
1393 1978 1590 2009 439—442.

270 2074 280 2093 ¹
306 2073 327 2106 2
355 2072 431 2107 Cor.
460 2074 491 2113 6,
518 2074 550 2108 6.
695 2074 709 2094 ²
734 2074 779 2108 Is.
807 2074 838 2115 6,
866 2074 897 2108 3.
935 2075 1045 2119 Apoc.
1071 2075 1103 2116 4,
1131 2074 1162 2109 8.
1309 2075 1322 2094 ³
1349 2073 1400 2108 Cf.
1430 2074 1528 2108 Rom.
1557 2074 1588 2115 6,
1615 2074 1646 2108 6.

268 2127 280 2146 4
306 2126 374 2160 Vel
400 2126 467 2161 hac
493 2127 570 2161 sola
595 2127 759 2162 sollemni
785 2127 1011 2162 conclusione
1036 2128 1077 2162 fit
1102 2127 1319 2169 verisimile,
1355 2130 1481 2172 caput,
1518 2127 1611 2171 quod
1646 2126 1827 2170 sequitur,
1863 2126 1907 2160 ad

147 2179 380 2224 posteriorem
408 2179 564 2224 aliquem
583 2180 855 2215 Confessionum
880 2180 1010 2215 librum
1029 2181 1220 2226 pertinere,
1246 2181 1331 2215 licet
1348 2181 1384 2214 in
1403 2180 1522 2215 codice
1540 2180 1745 2214 monacensi
1762 2190 1908 2224 prorsus

148 2244 228 2267 cum
254 2232 368 2278 primo
396 2233 623 2267 coniunctum
650 2234 708 2268 sit.

268 2287 280 2306 ⁵
304 2286 523 2321 Notissimus
549 2289 646 2321 certe
672 2289 727 2321 est
745 2287 935 2322 cardinalis
953 2287 1014 2321 ille
1033 2287 1118 2322 Otto
1133 2288 1332 2322 Truchsess
1351 2288 1393 2322 de
1408 2287 1610 2329 lValdburg
1627 2286 1908 2330 (1514—1573),

147 2340 336 2385 episcopus
362 2342 588 2384 augustanus
614 2342 650 2375 et
675 2341 900 2386 praepositus
926 2341 1168 2384 elvangensis,
1196 2341 1368 2376 ecclesiae
1395 2340 1592 2375 catholicae
1611 2339 1775 2374 columna
1793 2341 1828 2373 et
1847 2339 1907 2373 So-

147 2394 289 2428 cietatis
314 2393 397 2428 Iesu
422 2396 604 2439 patronus.
657 2394 767 2428 Cuius
802 2394 878 2428 vita
914 2397 1102 2429 enarratur
1137 2395 1192 2429 in:
1237 2394 1361 2435 „Vitae
1397 2396 1432 2428 et
1457 2405 1515 2427 res
1542 2394 1666 2437 gestae
1693 2392 1908 2427 Pontificum

147 2447 386 2481 Romanorum
422 2449 458 2481 et
483 2447 516 2482 S.
545 2447 585 2481 R..
612 2447 651 2481 E.
680 2447 941 2489 Cardinalium,
979 2449 1085 2492 Alph.
1125 2449 1286 2482 ciaconii
1312 2447 1352 2482 O.
1379 2447 1418 2481 P.
1455 2449 1489 2481 et
1525 2446 1673 2480 aliorum
1709 2456 1816 2490 opera
1851 2445 1908 2479 de-

148 2499 314 2545 scriptae,
341 2500 384 2534 ab
411 2502 502 2544 Any.
534 2502 683 2534 Oldoino
710 2499 743 2535 S.
773 2501 805 2535 J.
832 2501 1059 2545 recognitae“
1089 2501 1140 2535 III
1169 2501 1318 2546 (Romae
1347 2500 1465 2543 1677),
1493 2500 1557 2535 001.
1577 2498 1775 2533 692-698.
1811 2500 1906 2533 Plac.

151 2554 298 2594 Brenn,
334 2552 552 2588 Geschichte
588 2554 650 2588 der
684 2554 851 2589 Bisch'ofe
886 2566 957 2588 von
992 2555 1188 2598 Augsburg
1223 2554 1273 2589 III
1302 2553 1512 2598 (Augsburg
1541 2552 1669 2596 1814),
1709 2552 1906 2587 358-520,

148 2607 255 2640 Bern.
283 2607 391 2640 Duhr
417 2605 452 2641 S.
478 2607 530 2648 J.‚
568 2607 652 2649 „Die
679 2607 829 2649 Quellen
855 2620 898 2642 zu
924 2608 1021 2642 einer
1046 2607 1262 2652 Biographie
1290 2608 1352 2641 des
1377 2606 1570 2641 Kardinals
1597 2605 1682 2640 Otto
1709 2605 1908 2640 Truchsess

148 2671 217 2693 von
244 2658 465 2704 VValdburg“
506 2662 541 2694 et
571 2661 1003 2705 „Reformbestrebungen
1040 2661 1102 2696 des
1128 2661 1320 2695 Kardinals
1347 2660 1431 2694 Otto
1458 2660 1655 2694 Truchsess
1689 2671 1759 2693 von
1786 2658 1907 2693 Wald-

148 2713 273 2756 burg“‚
300 2711 336 2746 in
367 2712 629 2754 „Historisches
656 2714 859 2748 Jahrbuch“
883 2714 950 2748 Vll
979 2714 1175 2759 (Miinchen
1197 2713 1314 2753 1886),
1345 2713 1539 2748 177-209.
1567 2712 1764 2747 369-391.
1807 2711 1908 2745 Duhr

146 2766 277 2800 ibidem
303 2765 413 2800 libros
439 2766 547 2800 etiam
573 2769 755 2808 recenset,
791 2767 827 2801 111
853 2767 981 2811 quibus
1008 2767 1184 2812 epistulae
1211 2767 1353 2801 Ottonis
1379 2766 1473 2800 haud
1500 2777 1635 2811 paucae
1662 2765 1778 2799 editae
1812 2768 1906 2799 sunt.

148 2819 278 2853 Postea
305 2821 388 2853 Ant.
419 2820 536 2853 Weber
572 2820 699 2854 iterum
734 2819 845 2854 edidit
874 2819 1033 2862 „Literas
1068 2832 1088 2854 a
1115 2820 1334 2854 Truchsesso
1370 2820 1414 2853 ad
1441 2819 1591 2853 Hosium
1626 2818 1728 2853 annis
1756 2819 1846 2853 1560
1873 2821 1909 2852 et

151 2873 237 2907 1561
275 2872 378 2906 datas
416 2872 649 2917 (Ratisbonae
678 2872 796 2917 1892).
841 2875 892 2907 W.
925 2874 966 2907 E.
996 2875 1165 2908 Sclzecar:
1198 2874 1351 2918 primum
1387 2872 1498 2906 edidit
1528 2872 1634 2914 „Vier
1659 2871 1907 2915 ungedruckte

147 2925 352 2960 Gutachten
373 2926 435 2960 des
453 2926 646 2960 Kardinals
665 2926 749 2960 Otto
767 2926 986 2961 Truchsess“
1016 2927 1051 2961 in
1083 2926 1291 2969 π1101111501ιο
1311 2925 1591 2968 Quartalschrift
1616 2926 1674 2960 fiir
1700 2924 1906 2959 christliche

147 2979 495 3014 Alterthumskunde
522 2979 593 3013 und
620 2979 678 3013 fiir
703 2979 1090 3024 Kirchengeschichte⁴
1130 2981 1162 3013 4.
1191 2980 1316 3023 Jahrg.
1346 2980 1451 3023 (Rom
1480 2980 1586 3022 1890)
1616 2991 1648 3024 p.
1676 2978 1835 3019 25—43‚
1872 2980 1907 3011 et

148 3032 217 3066 alia
244 3032 402 3067 eiusdem
428 3032 563 3077 scripta
589 3032 626 3066 in
656 3032 770 3074 „Zehn
797 3032 1002 3067 Gutachten
1030 3033 1116 3068 iiber
1143 3032 1198 3067 die
1225 3033 1322 3076 Lage
1349 3033 1411 3066 der
1438 3031 1687 3067 katholischen
1713 3031 1844 3065 Kirche
1871 3031 1906 3064 in

147 3085 413 3120 Deutschland⁴⁴
447 3085 668 3129 (paderborn
696 3085 801 3129 1891)
831 3097 863 3131 p.
894 3087 1017 3120 1—19.

267 3139 280 3159 ⁶
307 3138 471 3174 Canisius
514 3142 598 3173 tunc
643 3151 663 3174 a
697 3139 878 3174 sodalibus
916 3139 1121 3185 provinciae
1158 3138 1370 3174 Germaniae
1415 3139 1607 3184 superioris
1655 3139 1900 3184 „procurator“

149 3192 285 3227 electus
311 3193 459 3226 Romam
486 3192 529 3226 ad
556 3192 798 3238 praepositum
826 3192 1014 3227 Societatis
1042 3192 1244 3237 generalem
1271 3192 1574 3237 proficiscebatur.
