2113 3430
227 205 310 245 484
763 200 840 234 156.
878 199 1043 234 canisius
1068 199 1191 234 Ioanni
1218 200 1260 234 de
1286 199 1452 234 Polanco.

225 320 418 371 tegrnm,
461 317 504 358 id
536 319 624 367 est,
667 317 814 358 decem
847 330 1151 371 personarum,
1194 317 1347 369 quibus
1380 317 1613 359 concedere
1651 317 1768 372 cupit
1799 317 1991 359 scholam

226 396 382 423 novam
405 381 671 431 Nissensein,
698 395 723 423 a
746 395 791 423 se
813 381 899 423 iam
928 395 1078 423 recens
1106 381 1367 432 institutam,
1393 384 1441 424 ut
1464 382 1682 425 Catholice
1704 382 1906 424 iuventus
1928 382 1996 424 in-

225 447 445 497 stituatur,
466 450 510 490 et
531 446 670 500 gratis
693 446 929 488 doceantur
951 449 1164 500 quotquot
1182 460 1204 488 e
1223 446 1361 488 Slesia
1381 446 1503 500 pueri
1524 447 1786 490 accesserint
1801 449 1829 490 1.
1862 447 1994 489 Nissa

226 515 324 565 post
357 511 684 554 wratislaviam
717 511 997 565 praecipuum
1031 513 1098 553 est
1130 511 1333 566 Episcopi
1373 511 1498 553 huius
1533 512 1756 566 oppidum,
1798 512 1870 554 ubi
1901 512 1996 554 fere

225 576 344 629 degit
376 576 487 618 idem
511 577 763 631 Episcopus,
799 575 919 617 dives
946 578 990 618 et
1021 579 1176 631 potens
1209 578 1258 618 ut
1288 575 1444 628 reliqui
1467 576 1724 618 Germaniae
1755 578 1992 631 praesules,

225 641 415 694 Legatus
447 642 527 683 hoc
559 656 585 683 a
617 655 685 682 me
727 641 1039 692 contendebat,
1080 644 1127 684 ut
1165 641 1321 683 saltem
1355 641 1437 682 duo
1471 654 1493 682 e
1525 641 1685 684 nostris
1717 641 1997 685 mitterentur

226 706 442 757 Germani,
477 710 521 749 et
553 721 647 748 cum
671 706 738 748 his
770 705 923 759 reliqui
955 706 1174 748 inferioris
1198 705 1456 748 Germaniae
1487 705 1702 748 homines:
1735 721 1835 748 nam
1857 707 1996 749 Italos

225 775 268 814 et
292 771 524 826 Hispanos,
558 774 606 813 ut
628 771 670 812 in
692 770 766 813 illa
798 771 1031 825 provintia,
1065 786 1150 814 non
1184 785 1279 813 esse
1311 771 1439 812 valde
1472 773 1623 823 gratos
1644 771 1814 824 populo.
1863 771 1995 814 Mise-

224 837 405 878 randan
428 851 545 887 sane,
574 836 640 889 (ut
663 836 767 877 1111111
792 836 859 878 1110
883 837 1085 889 taceam),
1111 851 1239 889 quam
1262 836 1320 878 sit
1343 838 1570 889 corruptus
1592 835 1830 888 Religionis
1851 838 1996 878 status

223 901 266 943 in
299 902 449 952 Slesia,
483 902 555 943 ubi
586 916 671 943 non
703 901 872 956 plebaei
904 902 1044 952 inodo,
1079 902 1155 943 sed
1188 902 1320 943 etiam
1352 901 1537 942 infames
1569 915 1768 954 prorsus,
1802 901 1997 955 adeoque

223 967 453 1009 Carnifices
485 967 653 1021 publice
686 969 730 1008 et
756 966 871 1019 grati
904 966 993 1008 suis
1026 967 1349 1009 concionantur.
1396 965 1696 1016 Wratislavia,
1731 979 1840 1019 quae
1863 966 1994 1008 Cath-

223 1032 411 1073 edralem
460 1032 605 1074 sedem
647 1034 794 1081 tenet,
843 1031 913 1073 vel
954 1031 1091 1074 invito
1134 1032 1254 1085 Rege
1303 1031 1429 1073 docet
1471 1045 1520 1072 ac
1564 1031 1794 1084 profitetur
1842 1034 1996 1084 aperte

222 1097 613 1140 Lutheranismum.
676 1096 857 1139 Nobiles
891 1099 935 1138 et
976 1097 1092 1139 cives
1133 1097 1268 1140 totius
1301 1096 1465 1138 Slesiae
1498 1096 1692 1146 Clerum,
1735 1095 1771 1137 si
1811 1109 1991 1148 usquam

222 1162 337 1212 alibi,
372 1177 457 1204 non
480 1177 632 1217 parum
657 1162 879 1204 offendunt
901 1164 946 1204 et
968 1165 1175 1204 exercent
1198 1162 1498 1215 affliguntque,
1529 1163 1577 1202 ut
1599 1160 1730 1203 etiam
1753 1160 1997 1214 Episcopus

222 1241 268 1268 se
301 1227 413 1269 tueri
446 1228 554 1270 satis
585 1241 671 1269 non
702 1226 841 1281 possit
873 1227 1084 1269 adversus
1120 1241 1400 1282 oppressores
1436 1225 1743 1269 iurisdictionis
1775 1225 1995 1267 Ecclesia-

221 1291 369 1335 sticae.
434 1293 674 1334 Flammam
716 1295 849 1345 auget
890 1292 1033 1334 vicina
1065 1293 1307 1334 Saxonicae
1349 1292 1521 1334 scholae
1562 1291 1720 1345 pestis,
1766 1293 1898 1344 atque
1929 1290 1992 1333 ita

222 1371 333 1399 nunc
365 1358 571 1400 studiosis
603 1357 825 1400 abbundat
849 1355 947 1411 [sie]
972 1358 1224 1400 Babilonica
1247 1358 1549 1410 Vittenberga,
1584 1359 1725 1398 mater
1757 1358 1801 1397 et
1822 1355 1992 1409 Regina

220 1436 430 1464 novarum
472 1423 711 1465 factionum
755 1421 942 1463 omnium
979 1422 1023 1464 in
1055 1423 1302 1477 Religione,
1349 1426 1398 1465 ut
1440 1424 1570 1464 antea
1610 1435 1842 1474 nunquam.
1907 1420 1991 1462 Sed

221 1487 333 1529 enim
379 1502 428 1529 eo
473 1488 661 1530 alacrius
706 1487 761 1529 ad
804 1487 1159 1540 restinguendum
1202 1488 1346 1542 ignem
1391 1487 1529 1529 nostri
1573 1488 1803 1528 accurrent
1849 1499 1991 1540 spero,

219 1552 511 1606 maioremque
534 1553 614 1594 sibi
648 1566 849 1594 coronam
872 1552 931 1593 ibi
952 1553 1220 1607 propositam
1252 1553 1421 1603 ducent,
1456 1552 1528 1593 ubi
1549 1551 1726 1606 propius
1748 1565 1844 1593 cum
1865 1551 1994 1593 hoste

220 1631 305 1658 non
337 1617 519 1672 simplici
552 1617 912 1670 congrediendum
948 1617 1042 1660 erit.
1098 1619 1191 1660 Hoc
1222 1633 1353 1659 unum
1386 1622 1486 1672 peto
1520 1632 1546 1658 a
1575 1616 1757 1658 Domino
1790 1616 1908 1666 Jesu,
1942 1619 1992 1658 ut

220 1682 332 1724 sicut
364 1683 524 1725 multos
548 1683 667 1725 dedit
699 1683 878 1736 angelos
900 1682 1062 1733 Indiae,
1096 1683 1347 1737 Hispaniae,
1377 1682 1547 1725 Siciliae
1570 1684 1651 1724 etc.
1684 1684 1861 1723 nostrae
1884 1695 1992 1734 quo-

220 1761 302 1800 que
337 1748 594 1790 Germaniae
627 1762 711 1790 non
743 1762 905 1802 paucos
938 1748 1155 1799 conferat,
1190 1752 1234 1791 et
1268 1763 1341 1790 eos
1373 1747 1630 1802 praesertim
1662 1746 1825 1788 Romae
1857 1746 1989 1787 faciat

219 1813 333 1866 apud
366 1827 444 1855 vos
478 1814 677 1856 efficaces
711 1814 764 1855 ad
797 1814 1136 1867 promovendam
1160 1813 1381 1856 Ecclesiae
1415 1827 1589 1855 causam
1622 1812 1664 1853 in
1688 1810 1993 1865 Septentrione

219 1880 263 1919 et
290 1878 591 1931 Aquilone,
627 1879 764 1920 unde
797 1877 1063 1932 panditur
1095 1893 1246 1920 omne
1278 1878 1518 1920 malu1n2.
1573 1878 1637 1919 De
1671 1890 1755 1929 qua
1787 1876 1989 1930 Episcopi

220 1957 349 1984 causa
384 1944 569 1985 scribam
602 1944 711 1985 alias
744 1944 890 1997 plura:
934 1957 1033 1985 nam
1066 1943 1138 1985 ille
1170 1944 1262 1998 ipse
1296 1958 1391 1985 cum
1424 1944 1545 1996 Rege
1577 1944 1681 1995 aget
1714 1955 1858 1983 coram
1890 1943 1991 1994 post

219 2022 379 2061 paucos
413 2009 502 2050 dies
525 2009 718 2062 Pragae:
754 2023 802 2050 eo
837 2011 981 2050 autem
1015 2008 1141 2050 hodie
1163 2009 1259 2051 Rex
1291 2008 1511 2062 profectus
1534 2010 1614 2057 est,
1647 2021 1733 2048 non
1759 2007 1821 2049 ita
1853 2006 1989 2056 brevi,

218 2076 266 2115 ut
298 2076 466 2127 putant,
501 2074 583 2116 huc
615 2074 833 2116 rediturus
866 2087 888 2115 e
921 2073 1112 2116 Boemia.

336 2137 452 2181 Ante
485 2139 720 2181 discessum
754 2153 877 2180 suum
900 2138 995 2180 Rex
1028 2139 1150 2180 nobis
1182 2153 1260 2193 per
1286 2138 1599 2181 Cancellariun]
1632 2136 1852 2186 indicavit,
1887 2139 1990 2178 ante

218 2203 376 2245 multos
419 2204 590 2257 quidem
631 2218 801 2246 menses
845 2203 1083 2246 iniunctum
1125 2204 1259 2246 fuisse
1300 2204 1389 2246 suis
1433 2202 1808 2258 procuratoribus,
1852 2204 1900 2243 ut
1933 2215 1987 2242 ex

218 2268 386 2310 aerario
418 2269 588 2322 publico
632 2273 775 2312 certos
809 2272 852 2310 et
884 2272 1117 2323 perpetuos
1150 2273 1388 2323 proventus
1426 2270 1687 2323 deputarent
1720 2270 1763 2309 et-
1794 2266 1987 2319 resigna-

217 2336 314 2375 rent
347 2337 495 2376 nostro
529 2335 717 2388 Collegio
735 2336 750 2361 3
799 2334 979 2387 singulis
1012 2337 1170 2385 autem,
1205 2337 1253 2376 ut
1282 2337 1454 2384 vocant,
1490 2332 1680 2386 angariis
1697 2332 1725 2381 4,
1759 2331 1983 2385 pecuniam

218 2412 294 2451 per
326 2402 474 2452 partes
506 2399 628 2440 nobis
671 2414 765 2441 esse
807 2399 1180 2453 suppeditandam.
1244 2400 1343 2442 Jam
1377 2414 1472 2440 cum
1508 2398 1755 2452 expeditum
1788 2397 1868 2438 hoc
1901 2410 1985 2437 non

217 2466 354 2513 esset,
399 2465 529 2505 semel
573 2467 703 2517 atquc
736 2464 892 2506 iterum
925 2464 1050 2506 iussit
1081 2478 1159 2518 per
1192 2465 1373 2506 eundem
1407 2463 1742 2512 sâ€˜ancellariuni,
1783 2463 1986 2503 curarent

218 2543 394 2581 prorsus
416 2529 545 2582 ijdem
578 2532 895 2583 procuratores,
930 2533 975 2571 ut
1001 2532 1236 2582 proventus
1259 2529 1416 2582 integri
1441 2543 1535 2570 cum
1558 2528 1719 2569 liberae
1743 2526 1987 2568 donationis

216 2593 353 2634 literis
376 2594 429 2635 ad
453 2608 531 2635 nos
564 2594 854 2647 pervenirent,
889 2597 1019 2646 atque
1042 2594 1103 2636 ita
1137 2594 1333 2636 dotatum
1358 2597 1473 2636 esset
1496 2593 1731 2645 Collegium
1763 2591 1984 2645 perpetuis

217 2659 493 2711 temporibus.
544 2658 757 2708 Quantam
782 2673 884 2700 vero
917 2673 1127 2700 sumniam
1162 2659 1368 2713 pecuniae
1398 2662 1633 2713 proventus
1666 2657 1857 2699 efficiant
1889 2655 1984 2707 (ab-

217 2723 328 2764 unde
370 2727 437 2766 sat
481 2738 574 2765 esse
609 2726 662 2766 :30
696 2724 891 2778 personis
933 2724 1000 2765 1110
1041 2724 1239 2766 fovendis
1281 2738 1362 2766 non
1406 2722 1668 2775 dubitamus)
1710 2722 1838 2776 paulo
1882 2722 1979 2774 post

339 2868 346 2886 Â¹
375 2867 538 2901 scholam
565 2867 657 2901 lianc
684 2868 881 2901 nissenscin
913 2867 1064 2910 (Neisse,
1092 2868 1239 2901 nuncin
1259 2867 1386 2901 Silosia
1404 2865 1605 2909 borussica)
1635 2864 1790 2910 episcopi
1808 2863 1977 2897 mandatu

218 2919 413 2962 staphylus
440 2920 656 2954 instituerat.

339 2975 350 2990 â€œ-â€œ
381 2973 441 3005 191.
473 2974 501 3011 1,
531 2974 583 3006 14.

338 3025 348 3043 Â³âµ
376 3024 427 3057 â€¹â€˜'f.
463 3025 604 3060 litteras
632 3026 694 3060 Iaii
722 3026 859 3060 Vienna
890 3027 941 3060 16.
970 3026 1178 3060 Decembris
1207 3027 1293 3060 1:351
1325 3025 1463 3069 lgnatio
1499 3024 1690 3068 inscriptasÎ‡
1719 3022 1868 3065 (Rom-0,
1905 3022 1977 3055 Iaio

221 3087 251 3118 p.
284 3076 375 3111 107).

338 3131 348 3147 â´
380 3131 595 3169 â€žinam-iao*
632 3131 833 3171 (Cinernni,
862 3132 1114 3167 Pentecostes.
1148 3131 1291 3166 Crucis.
1328 3133 1409 3175 post
1434 3129 1579 3171 Luciae)
1610 3128 1848 3169 vocabantur,
1886 3140 1976 3171 qnae

219 3193 282 3213 nos
309 3181 458 3214 (licinius
490 3186 679 3225 ,quattuor
706 3187 899 3228 tempta-21â¸.
