2178 3430
736 753 1370 828 PRAEFATIO.

299 989 427 1055 Quae
460 999 654 1042 Canisius
696 998 834 1053 egerit
875 1001 919 1041 et
960 998 1201 1053 scripserit,
1248 997 1348 1051 quid
1390 998 1481 1040 eius
1523 997 1734 1052 epistulae
1765 998 1932 1052 prosint

172 1080 263 1120 tum
297 1078 351 1119 ad
383 1091 452 1119 res
483 1077 653 1118 illorum
686 1079 929 1129 temporum
961 1075 1283 1128 cognoscendas
1314 1078 1407 1117 tum
1439 1075 1493 1117 ad
1521 1074 1730 1129 pietatem
1768 1088 1931 1127 augen-

172 1154 292 1204 dam,
337 1167 420 1206 qua
452 1152 620 1195 ratione
653 1166 765 1193 nunc
797 1151 915 1205 typis
948 1151 1269 1193 describantur:
1315 1151 1421 1193 haec
1463 1150 1606 1193 omnia
1638 1151 1681 1192 in
1712 1151 1931 1205 prooemio

172 1230 364 1284 generali
395 1229 529 1272 totius
561 1228 686 1270 huius
719 1228 860 1282 operis
893 1230 936 1270 et
977 1227 1019 1269 in
1060 1227 1317 1282 specialibus
1358 1227 1624 1281 singulorum
1668 1227 1931 1269 voluminum

172 1305 400 1361 prooemiis
432 1305 603 1359 copiose
636 1304 964 1346 enarrabuntur.
1028 1304 1128 1346 Ideo
1161 1318 1301 1358 pauca
1332 1304 1399 1346 1110
1431 1307 1583 1346 notare
1616 1303 1724 1346 satis
1756 1303 1850 1346 erit.

288 1381 491 1435 Effigiem
523 1380 701 1431 Canisii,
735 1380 832 1422 huic
864 1380 1070 1422 volumini
1102 1381 1319 1431 additam,
1354 1395 1409 1423 ex
1440 1381 1602 1423 maiore
1634 1380 1822 1433 imagine
1855 1393 1931 1421 ex—

170 1458 437 1512 primendam
486 1457 752 1508 curavimus,
803 1471 931 1510 quam
979 1456 1242 1498 clarissimus
1290 1456 1357 1498 vir
1399 1457 1628 1499 Eduardus
1673 1457 1725 1499 de
1769 1455 1932 1499 Steinle

171 1549 282 1577 anno
318 1537 429 1577 1885
462 1534 621 1589 pinxit,
656 1533 888 1588 propositis
920 1533 1000 1575 sibi
1032 1533 1240 1587 imprimis
1271 1533 1422 1587 figuris
1455 1533 1634 1585 Canisii,
1670 1547 1777 1587 quas
1807 1532 1929 1574 initio

169 1611 329 1654 saeculi
361 1611 530 1666 septimi
564 1614 608 1653 et
630 1609 781 1652 decimi
805 1610 1199 1664 Raphae'l'Sadeler
1222 1612 1266 1652 et
1287 1610 1536 1652 Dominicus
1559 1611 1726 1661 Custos,
1761 1609 1930 1651 chalco-

170 1687 323 1742 graphi
354 1687 470 1729 haud
502 1686 726 1741 ignobiles,
760 1686 803 1728 in
836 1701 909 1729 aes
940 1687 1194 1730 inciderant.
1239 1686 1318 1737 Qui
1350 1690 1543 1729 nostram
1564 1687 1676 1729 hanc
1697 1685 1929 1739 imaginem

170 1764 326 1806 Canisii
359 1778 454 1806 cum
488 1763 676 1816 antiquis
709 1763 793 1804 illis
826 1763 1078 1815 contulerit,
1122 1777 1232 1817 quae
1272 1763 1506 1818 pigmentis
1548 1763 1701 1805 oleatis
1734 1762 1929 1816 depictae

170 1840 371 1883 Coloniae
403 1844 446 1883 et
478 1840 677 1894 Friburgi
709 1840 1010 1882 Helvetiorum
1043 1842 1173 1893 atque
1205 1839 1249 1881 in
1282 1840 1477 1882 domibus
1509 1839 1763 1894 quibusdam
1787 1838 1929 1881 Socie-

169 1916 275 1959 tatis
307 1920 483 1959 nostrae
516 1919 760 1971 supersunt,
794 1916 1044 1958 Eduardum
1079 1916 1130 1958 de
1154 1915 1317 1958 Steinle
1338 1930 1487 1958 veram
1511 1916 1669 1958 Canisii
1691 1914 1929 1958 reddidisse

170 1992 400 2046 imaginem
432 1993 670 2046 intelleget.
734 1992 872 2035 Nefas
905 1995 1022 2035 certe
1054 1991 1229 2043 fuisset,
1270 1994 1454 2046 figuram
1495 1992 1538 2034 in
1570 1992 1651 2034 1100
1684 2005 1812 2046 opere
1843 2004 1928 2032 non

171 2084 353 2124 ponere,
388 2084 516 2123 quam
548 2069 615 2111 vir
646 2069 718 2111 ille
751 2069 965 2112 catholica
996 2069 1160 2123 pietate
1191 2069 1372 2122 insignis
1405 2072 1449 2112 et
1481 2069 1533 2111 de
1565 2072 1660 2111 arte
1693 2067 1929 2110 christiana.

170 2147 330 2201 optime
362 2145 541 2188 meritus
572 2146 653 2188 1100
684 2146 777 2200 ipso
811 2145 999 2197 consilio,
1033 2148 1081 2188 ut
1114 2145 1309 2200 epistulis
1342 2145 1573 2188 canisianis
1599 2146 1927 2200 praefigeretur,

167 2224 295 2278 paulo
329 2226 430 2265 ante
462 2225 644 2265 mortem
678 2222 893 2277 expressit
917 2225 960 2265 et
982 2222 1084 2264 mihi
1107 2222 1230 2277 quasi
1251 2226 1515 2266 testamento
1538 2223 1725 2275 reliquit.
1769 2220 1926 2271 Quodsi

168 2299 262 2354 quis
293 2300 525 2353 imaginem
558 2302 758 2353 quaeret,
796 2313 906 2353 quae
939 2313 992 2341 ex
1026 2299 1129 2354 ipsis
1161 2300 1246 2342 illis
1281 2300 1461 2355 picturis
1497 2300 1684 2354 antiquis
1720 2312 1928 2354 expressa

167 2375 235 2427 sit,
272 2375 568 2431 biographiam
592 2376 750 2418 Canisii
781 2376 931 2436 figuris
962 2376 1226 2420 illustratam
1260 2378 1449 2429 evolvat,
1484 2392 1612 2431 quam
1638 2377 1754 2419 hisce
1778 2375 1927 2417 diebus

168 2452 217 2493 R.
250 2451 297 2494 P.
330 2452 574 2495 Ludovicus
607 2452 765 2495 Michel
799 2451 851 2496 S.
872 2454 912 2496 J.
946 2453 1102 2506 gallico
1136 2468 1334 2496 sermone
1367 2454 1657 2508 evulgandam
1689 2455 1828 2507 parat.

287 2527 419 2570 Grato
464 2528 605 2570 animo
650 2529 852 2571 recordor
893 2529 936 2570 in
977 2529 1138 2583 primi
1178 2529 1338 2571 huius
1380 2530 1680 2572 voluminis
1731 2528 1928 2583 epistulis

168 2602 418 2656 colligendis
450 2608 494 2647 et
525 2605 793 2648 illustrandis
824 2620 892 2648 me
925 2620 951 2648 a
989 2606 1136 2649 multis
1178 2607 1371 2651 adiutum
1411 2621 1504 2649 esse
1537 2621 1690 2662 opera,
1734 2605 1924 2655 consilio,

166 2678 364 2733 hospitio,
398 2680 613 2723 codicibus
645 2682 995 2725 subministratis.
1017 2725 1020 2728 ,
1039 2683 1204 2725 Horum
1237 2683 1464 2725 nonnullos
1496 2683 1539 2724 in
1571 2683 1663 2738 ipso
1687 2697 1815 2737 opere
1838 2682 1928 2724 suis

165 2755 270 2797 locis
312 2755 562 2805 nominabo;
605 2771 752 2799 omnes
792 2758 1046 2801 nominatim
1086 2772 1311 2801 recensere
1344 2759 1518 2813 longum
1553 2761 1632 2801 est.
1688 2758 1923 2800 Plurimum

166 2845 233 2873 me
266 2831 422 2873 debere
454 2833 660 2886 profiteor
692 2834 1029 2880 eminentissimo
1063 2835 1270 2877 cardinali
1300 2836 1501 2878 Andreae
1524 2835 1782 2878 Steinhuber
1803 2835 1844 2877 S.
1868 2834 1924 2883 J„

165 2907 524 2950 reverendissimo
547 2909 593 2951 P.
618 2910 805 2952 Henrico
828 2911 995 2953 Denifle
1019 2912 1066 2954 O.
1091 2912 1175 2962 Pr„
1207 2911 1370 2953 archivi
1393 2912 1584 2956 vaticani
1607 2911 1923 2966 subpraefecto,

166 2985 317 3027 excell.
351 2985 403 3027 D.
427 2984 606 3028 Alfredo
640 2987 691 3028 de
714 2987 895 3038 Arneth,
931 2988 1121 3030 caesarei
1154 2989 1318 3031 archivi
1351 2989 1683 3031 vindobonensis
1706 2987 1922 3035 direet0ri‚

166 3060 216 3102 D.
259 3061 434 3104 Doctori
478 3063 662 3116 Georgio
709 3064 760 3105 de
804 3065 1077 3115 Laubmann,
1127 3065 1272 3119 regiae
1319 3066 1606 3109 bibliothecae
1652 3065 1924 3108 monacensis

166 3150 330 3180 summo
369 3139 653 3191 moderatori,
696 3141 933 3183 reverendo
966 3142 1017 3184 D.
1051 3142 1229 3185 Doctori
1262 3143 1491 3186 Francisco
1525 3143 1711 3186 Xavcrio
1745 3142 1921 3189 Pfeifer‚
