2113 3430
205 195 288 235 694
669 189 826 223 Monum.
856 188 1033 232 (ingolst.)
1062 189 1118 222 44.
1148 188 1195 232 (5.
1223 189 1345 223 Martii
1373 189 1490 233 1550.)

203 308 391 362 ipsorum
425 308 679 360 praecepta,
714 306 976 355 doctrinam,
1016 305 1360 360 optimorumque
1392 320 1557 348 morum
1591 307 1790 361 exempla
1822 305 1865 347 in
1896 320 1965 349 re-

202 371 421 415 stituenda
455 371 648 424 collapsa
679 371 802 424 quasi
834 371 877 412 in
901 370 1158 413 Germaniae
1188 370 1406 425 plerisque
1427 371 1654 426 prouintijs
1687 374 1967 414 sacrosancta

202 436 423 489 religione,
456 435 761 488 hominumque
794 435 949 478 animis
980 435 1048 490 pie
1081 435 1377 485 informandis,
1413 438 1457 478 et
1488 437 1804 487 confirmandis,
1838 436 1966 479 ualde

202 501 412 544 salutaria
444 501 558 542 fore:
601 500 742 550 Quare
785 500 955 543 etiamsi
986 501 1138 542 horum
1171 515 1273 542 uere
1313 499 1614 554 religiosorum
1647 502 1749 544 ordo
1782 501 1824 543 in
1858 502 1967 544 Ger-

202 567 389 609 maniam
421 566 608 608 nondum
646 566 988 620 penetrauerit‚“
1029 567 1109 608 siba·
1147 572 1284 608 tamen
1319 566 1593 608 deliberatum
1626 581 1709 609 esse
1741 568 1967 609 eorundem

202 634 424 687 colleqe'um,
449 633 600 673 summe·
621 632 829 686 pontifici-s·
848 637 882 673 et
900 632 1136 673 cardinalis
1157 632 1381 673 Crescente}
1398 645 1484 686 ope,
1509 632 1758 686 Inyolstaclii
1776 634 1965 685 condere,

203 703 324 753 atque
348 699 434 739 eius
459 698 579 738 etiam
607 698 666 738 rei
684 698 827 751 qratia
852 711 894 738 se
915 697 1147 738 Hemicam
1172 698 1444 738 secretarium
1475 711 1598 738 surum
1622 698 1678 738 ad
1700 697 1855 739 Iulium
1879 698 1964 739 III.

203 768 236 804 et
271 763 552 804 Crescentizmn
586 763 747 803 misisse
781 766 815 803 et
849 762 1025 803 eundem
1057 762 1319 803 cardinalem
1354 776 1514 816 royare,
1553 767 1593 803 ut
1622 762 1853 804 Hem-icum
1886 762 1967 804 sibi

202 828 530 869 commendatum
565 827 715 868 habeat
732 827 759 869 1.

1037 914 1128 955 44.

929 997 960 1034 5.
988 997 1111 1034 Martii
1139 998 1233 1034 1550.

319 1082 374 1116 Ex
401 1081 556 1126 epistula
582 1081 789 1126 archetypa,
817 1092 837 1115 a
856 1080 1049 1126 Lipomano
1076 1081 1152 1126 ipso
1179 1081 1393 1126 subscripta.
1428 1080 1631 1115 Florentiae
1650 1080 1684 1115 in
1703 1080 1850 1115 archivo
1869 1081 1967 1125 regio

203 1135 378 1179 (archivio
404 1135 502 1179 regio
529 1135 562 1169 di
589 1134 714 1178 stato),
741 1135 816 1169 cod.
849 1134 973 1176 „Carte
1001 1134 1225 1176 Cerviniane,
1252 1134 1374 1168 XVIP‘
1405 1134 1429 1169 f.
1459 1135 1513 1169 39.
1541 1135 1597 1169 40.

320 1214 440 1246 Socios
467 1214 503 1245 ἰη
533 1213 758 1245 universitate
782 1212 1050 1254 z'nyolstade'ensi
1076 1213 1175 1245 valde
1195 1223 1352 1254 parcum
1377 1212 1504 1244 habere
1530 1212 1750 1245 azalitore'nm
1772 1212 1875 1255 idque
1890 1213 1967 1254 fere

202 1268 367 1309 ineptum,
395 1267 539 1309 ideoque
567 1266 647 1298 [nde
672 1266 884 1298 revocandos
911 1276 990 1308 esse,
1017 1270 1155 1308 excepto
1180 1277 1352 1298 summam
1384 1266 1539 1299 Calvisio.

317 1351 515 1405 Aloysius
547 1350 832 1404 Lipomamcs,
877 1351 1089 1403 episcopus
1134 1350 1368 1390 veronensis
1411 1353 1444 1390 et
1487 1350 1660 1390 nuntius
1703 1350 1962 1403 apostolicas,

199 1414 399 1455 Μανσθῖῖο
435 1414 629 1465 Corvino,
678 1415 918 1459 „cardinali
950 1414 1130 1455 Sanctae
1165 1413 1354 1467 C›·uee's“,
1394 1414 1572 1455 Romam
1611 1414 1754 1454 sariba
1785 1414 1964 1468 Dilinya

199 1482 238 1521 5.
274 1479 426 1521 Martie·
459 1481 598 1520 15:30.-

319 1603 326 1610 .
365 1603 372 1609 .
412 1603 418 1609 .
459 1602 465 1609 .
514 1568 606 1618 „Ho
650 1568 808 1609 ueduto
850 1567 893 1609 la
925 1567 1177 1609 Vniuersita
1219 1567 1270 1608 de
1302 1567 1557 1620 Jnghelstoc
1593 1565 1690 1621 [sete]
1736 1581 1815 1609 oue
1857 1581 1961 1609 sono

198 1637 388 1675 maestro
422 1632 619 1683 Claudio,
663 1633 759 1674 Don
791 1632 973 1674 Alfonso
990 1633 1018 1683 2,
1062 1635 1105 1675 et
1142 1634 1332 1674 maestro
1365 1632 1510 1675 Pietro
1544 1631 1733 1682 Canisio,
1776 1632 1806 1673 li
1847 1631 1963 1685 quali

199 1701 318 1740 certo
351 1698 540 1752 perdono
572 1698 601 1738 11
634 1701 802 1752 tempo,
844 1697 1002 1752 perche
1042 1698 1133 1739 loro
1176 1699 1244 1740 tre
1283 1712 1362 1739 con
1394 1712 1478 1739 uno
1512 1697 1724 1752 Episcopo
1758 1698 1962 1739 Domeni-

198 1764 338 1805 cano3
371 1764 448 1805 che
480 1764 679 1817 leggono,
714 1778 798 1805 non
830 1764 973 1805 hanno
1005 1763 1137 1817 XIIIj.
1173 1763 1342 1813 scolari,
1377 1763 1428 1805 de
1462 1763 1577 1816 quali
1611 1764 1674 1806 X.
1709 1777 1793 1804 non
1826 1777 1961 1805 sanno

197 1829 375 1879 lettere,
415 1831 459 1870 et
491 1843 632 1870 uanno
666 1829 720 1870 ad
752 1828 879 1870 udirli
911 1842 988 1882 per
1020 1829 1098 1870 che
1130 1828 1173 1869 ui
1205 1842 1310 1870 sono
1342 1828 1549 1871 mandati.
1613 1828 1693 1870 Dio
1726 1828 1905 1882 perdoni
1937 1842 1963 1870 a

198 1894 265 1935 chi
307 1893 353 1935 fu
396 1908 525 1936 causa
568 1893 609 1935 di
650 1894 797 1935 leuare
838 1894 935 1935 Don
976 1894 1158 1935 Alfonso
1201 1893 1256 1935 da
1287 1894 1461 1935 Verona
1503 1893 1612 1935 doue
1653 1893 1807 1935 faceua
1849 1894 1961 1936 altro

197 1958 334 2001 frutto
377 1959 455 2000 che
497 1973 582 2000 non
626 1959 671 2000 fa
712 1958 755 2000 in
788 1958 1054 2012 Engelstoch
1090 1956 1212 2012 [sic]
1258 1959 1426 2013 sepolto
1467 1958 1511 2000 in
1554 1973 1640 2000 una
1681 1959 1833 2009 stuffa,
1876 1973 1961 2000 non

196 2024 393 2065 hauendo
428 2038 507 2066 con
541 2024 607 2066 chi
640 2024 813 2078 parlare
847 2027 890 2066 et
923 2038 1195 2074 conuersaoe,
1230 2037 1307 2077 per
1337 2038 1422 2065 non
1449 2023 1609 2066 hauere
1641 2024 1684 2065 la
1717 2023 1962 2077 cognitione

198 2089 311 2131 della
342 2089 502 2142 lingua.
557 2089 781 2131 Prometto
814 2103 839 2131 a
862 2089 913 2131 V.
939 2088 1382 2132 S.Reuere11dissin1a
1414 2089 1492 2131 che
1525 2089 1667 2142 questi
1698 2089 1859 2131 homini
1891 2089 1963 2142 qui

197 2168 301 2196 sono
334 2154 462 2208 persi,
497 2157 540 2197 et
574 2157 727 2207 questa
749 2154 933 2196 materia
959 2168 1044 2196 non
1077 2168 1099 2196 e
1131 2154 1285 2197 intesa.
1341 2154 1477 2196 Senza
1500 2155 1542 2196 la
1564 2154 1723 2207 lengua
1747 2155 1963 2197 Germana

197 2233 281 2261 non
314 2219 349 2261 si
381 2220 427 2261 fa
459 2220 618 2270 frutto,
654 2220 767 2262 oltra
801 2220 878 2261 che
912 2234 1016 2261 sono
1050 2219 1161 2261 fuori
1195 2220 1307 2262 della
1339 2220 1431 2261 loro
1464 2220 1702 2262 uocatione.
1767 2220 1824 2262 Et
1856 2233 1962 2273 pure

197 2284 367 2337 quando
400 2298 446 2327 se
479 2284 665 2327 n’habbi
697 2299 722 2327 a
754 2284 938 2327 lasciare
966 2285 1135 2338 qualch’
1159 2299 1256 2335 uno,
1289 2285 1481 2327 hasteria
1513 2285 1541 2326 il
1566 2284 1747 2335 Canisio,
1781 2284 1810 2326 il
1834 2284 1962 2338 quale

195 2363 280 2403 puo
312 2350 509 2403 leggere,
543 2349 790 2404 predicare,
825 2350 1094 2400 confessare,
1129 2353 1172 2393 et
1205 2349 1274 2391 far
1305 2352 1402 2402 ogn’
1423 2350 1535 2392 altro
1569 2350 1676 2391 bene
1707 2364 1784 2404 per
1817 2363 1961 2391 essere

197 2413 402 2457 Todesco.
457 2416 510 2457 Jo
544 2415 684 2456 scriuo
718 2429 743 2457 a
767 2415 807 2458 S.
834 2415 1005 2457 Santita
1037 2414 1102 2456 sia
1125 2418 1329 2457 contenta
1355 2414 1483 2457 farmi
1516 2414 1737 2457 restituire
1769 2417 1960 2457 maestro

195 2478 392 2529 Alfonso,
426 2494 559 2534 prego
584 2480 634 2522 V.
662 2480 701 2522 S.
726 2481 751 2523 J
756 2480 1032 2522 llustrissima
1055 2479 1092 2521 si
1115 2479 1242 2532 degni
1264 2479 1497 2534 prestarmi
1529 2479 1571 2521 in
1595 2482 1748 2533 questo
1771 2480 1961 2521 anchora

195 2543 224 2585 il
257 2558 334 2586 suo
366 2546 529 2596 fauore,
564 2545 721 2599 perche
754 2548 872 2588 certo
905 2545 1077 2587 l’harra
1110 2544 1226 2586 mille
1253 2544 1534 2587 benedittioni
1568 2545 1638 2587 dal
1670 2545 1754 2586 mio
1787 2544 1958 2599 populo,

197 2612 240 2651 et
281 2623 379 2651 sera
422 2610 462 2651 di
504 2611 617 2652 altra
658 2610 802 2653 utilita
845 2610 921 2652 che
962 2624 1046 2652 non
1089 2624 1111 2651 e
1153 2609 1245 2663 qui,
1291 2609 1543 2663 Monsignor
1584 2609 1958 2651 Reuerendissimo

197 2673 235 2714 d’
251 2674 451 2727 Augusta
484 2678 659 2729 aspetta
680 2675 740 2729 gli
774 2675 838 2717 sia
864 2675 1069 2717 mandato
1092 2677 1283 2717 maestro
1307 2675 1495 2726 Claudio,
1531 2678 1574 2717 et
1607 2675 1759 2717 (licemi
1781 2674 1959 2717 hauerlo

197 2741 394 2782 ottenuto
429 2740 483 2781 da
516 2742 556 2782 ὃ.
593 2741 786 2783 Santita“
819 2775 965 2782 .....

320 2898 327 2915 ¹
356 2899 453 2936 Quae
479 2895 657 2930 Hem-icus
684 2895 912 2930 Schweicker
937 2896 1106 2930 mandata
1131 2895 1306 2938 habuerit,
1334 2896 1415 2930 vide
1442 2908 1550 2942 supra
1576 2909 1608 2942 p.
1638 2897 1715 2931 324.

317 2948 329 2968 ²
356 2948 542 2982 Claudium
570 2949 682 2982 laium
709 2952 743 2983 et
770 2949 993 2993 Alphonsum
1020 2948 1260 2983 Salmcronein
1289 2949 1385 2984 dicit.

317 3001 329 3020 ³
358 3001 602 3036 Balthasarem
630 3002 857 3036 Fannemann
885 3002 990 3043 dieit;
1018 3002 1098 3036 vide
1125 3014 1232 3047 supra
1258 3014 1290 3047 p.
1318 3002 1386 3037 690
1399 3003 1421 3036 ⁸.
