2113 3430
863 215 916 250 10.
942 215 1065 250 Martii
1094 215 1194 249 1546.
1825 219 1906 260 175

152 332 298 386 (quam
344 333 491 374 tamen
539 331 725 374 editam³
781 346 874 374 esse
922 331 1155 387 oportebit)
1202 332 1365 373 nullum
1412 346 1550 385 neque
1597 334 1723 375 finem
1771 348 1909 387 neque

152 396 406 451 principium
459 410 563 438 suae
611 396 922 440 aedificationis
968 397 1251 440 habituram?
1329 396 1440 438 Hinc
1488 397 1659 440 videtur
1705 401 1748 440 et
1795 399 1910 441 clare

152 464 334 515 apparet
356 474 503 502 eorum
535 461 723 503 stultitia
756 464 886 515 atque
918 461 1165 515 ignorantia
1198 461 1354 515 qui‘ob
1380 461 1578 503 timorem
1612 477 1664 504 ne
1697 478 1781 504 non
1812 478 1910 518 per-

150 527 278 568 ficere
309 525 477 580 possint
509 525 621 578 quod
654 526 814 580 optime
846 526 988 569 sciunt
1018 526 1237 581 inceptum
1269 540 1363 568 esse
1386 526 1600 570 desistunt
1632 528 1685 569 ab
1714 528 1908 582 inceptis,

152 590 252 644 quid
285 589 398 632 enim
431 590 547 632 aliud
579 590 745 634 faciunt
778 605 906 644 quam
938 591 1052 633 nolle
1084 605 1162 633 nec
1193 590 1449 645 principium
1480 605 1618 645 neque
1642 606 1911 635 consumma-

151 655 312 697 tionem
344 669 448 697 suae
479 655 788 709 perfectionis?
850 656 918 697 Ne
959 655 1092 709 igitur
1133 655 1633 709 retrospiciamus1
1675 670 1753 698 nec
1794 660 1910 699 retro

152 722 456 761 conuertamur
489 722 683 762 aratrum
725 723 923 763 sanctum
964 720 1160 762 manibus
1202 720 1413 774 assecutj,
1457 735 1510 762 ne
1551 734 1819 763 resumamus
1861 736 1911 764 ea.

152 798 262 837 quae
293 784 426 826 semel
459 784 537 826 deo
571 785 701 827 dante
733 784 998 827 euomuimus
1031 785 1082 826 de
1105 784 1258 827 animis
1290 785 1448 827 nostris
1460 786 1488 828 2.
1543 785 1586 827 Si
1618 785 1775 827 iterum
1798 786 1910 841 sapit

152 862 203 890 ac
232 849 378 903 placet
420 849 533 902 quod
565 850 697 892 semel
731 849 1024 904 despeximus,
1068 849 1339 903 negleximus
1381 864 1431 892 ac
1473 849 1567 892 odio
1600 850 1826 893 habuimus
1859 866 1912 893 ne

152 913 378 955 credamus
400 928 477 956 nos
499 928 652 968 parum
675 914 869 968 sapuisse
890 916 993 956 tunc
1017 916 1092 956 aut
1113 929 1198 956 non
1219 915 1328 957 bene
1351 915 1545 957 oculatos
1567 914 1700 957 fuisse
1723 916 1798 957 sed
1815 916 1912 958 red-

151 992 299 1020 eamus
332 978 387 1020 ad
410 979 584 1021 eosdem
616 993 780 1030 sensus,
815 979 997 1020 eundem
1023 979 1144 1020 illum
1176 979 1374 1034 spiritum
1407 982 1665 1032 quaerentes
1686 994 1764 1034 per
1787 994 1910 1033 quem

151 1043 241 1085 tale
272 1043 475 1085 iudicium
498 1044 549 1086 de
575 1045 703 1086 rebus
735 1044 1072 1097 assequebamur
1087 1044 1115 1086 3.
1171 1044 1214 1086 Si
1245 1047 1470 1087 mutantur
1502 1058 1653 1086 sensus
1684 1044 1912 1087 interiores

153 1111 196 1151 et
229 1108 467 1151 exteriores
500 1108 613 1150 cir'ca
643 1107 687 1150 id
719 1108 831 1162 quod
863 1108 907 1149 in
939 1122 985 1150 se
1017 1122 1186 1162 semper
1217 1109 1304 1151 vile
1337 1112 1404 1152 est
1436 1112 1479 1152 et
1510 1109 1636 1160 nihil,
1676 1109 1912 1159 Queramus

152 1187 322 1227 semper
344 1187 440 1215 eum
473 1176 636 1226 statum
669 1187 872 1215 sensuum
902 1172 945 1214 in
969 1187 1051 1227 quo
1084 1187 1153 1215 res
1184 1173 1305 1227 ipsae
1336 1174 1562 1217 vilescunt.
1616 1175 1777 1216 Paulus
1810 1175 1914 1218 dicit

152 1238 250 1280 hoc
290 1238 501 1281 sentite
541 1238 593 1279 in
634 1238 790 1280 vobis
831 1238 970 1291 quod
1007 1241 1059 1281 et
1090 1238 1142 1280 in
1175 1238 1396 1281 Christo
1429 1240 1560 1281 Jesu
1594 1239 1682 1292 qui
1715 1254 1829 1281 cum
1860 1240 1911 1281 in

153 1302 329 1345 forma
351 1303 434 1357 dej
469 1306 620 1346 esset
653 1302 969 1345 exinaniuit
1000 1303 1357 1358 semetipsum
1390 1303 1617 1346 formam
1650 1304 1799 1346 serui
1832 1319 1912 1347 ac-

154 1367 410 1422 cipiens4.
464 1368 623 1410 Videat
655 1367 834 1421 quisque
865 1367 909 1409 in
942 1382 1026 1421 qua
1057 1368 1198 1410 forma
1230 1372 1297 1411 est
1329 1370 1374 1410 et
1406 1368 1551 1422 cupiat
1582 1369 1766 1411 formam
1798 1369 1911 1411 serui

154 1435 202 1474 vt
243 1432 427 1484 seruiat,
478 1436 528 1476 vt
568 1433 737 1476 laboret
778 1446 947 1486 Vsque
989 1433 1052 1475 ad
1099 1435 1325 1475 mortem
1377 1434 1558 1476 crucis
1598 1434 1783 1477 factus
1828 1435 1911 1476 ob-

154 1496 384 1539 ediens5.
448 1497 574 1539 Hunc
606 1498 756 1540 Jesum
789 1497 842 1539 de
874 1511 920 1539 se
954 1497 1025 1550 qui
1058 1512 1142 1540 non
1182 1497 1315 1540 habet
1347 1502 1500 1552 querat
1542 1512 1596 1540 ex
1628 1498 1700 1540 illo
1734 1498 1805 1552 qui
1838 1499 1911 1541 dat

154 1561 308 1613 omnia,
343 1561 415 1615 qui
445 1562 577 1605 habet
607 1562 747 1617 ipsum
780 1565 1000 1616 sequatur.
1054 1563 1191 1606 Multo
1222 1563 1348 1617 plura
1380 1563 1678 1607 subministrat
1700 1564 1912 1618 cupiditas

153 1626 306 1669 salutis
339 1626 430 1669 eius
463 1627 660 1669 dominae
691 1629 870 1682 propter
901 1641 1029 1681 quam
1060 1628 1140 1670 hec
1166 1627 1319 1679 scribo,
1353 1628 1388 1669 si
1411 1631 1556 1670 autem
1579 1643 1675 1671 sero
1698 1629 1752 1671 ad
1774 1629 1911 1683 ipsam

152 1691 429 1745 peruenerint
459 1706 556 1735 mea
579 1692 790 1735 desideria
821 1707 900 1735 vos
931 1692 1013 1747 ipsi
1043 1693 1228 1747 potestis
1260 1693 1428 1735 abunde
1459 1694 1604 1735 facere
1636 1696 1684 1736 vt
1716 1708 1769 1736 ne
1800 1694 1911 1736 hunc·

152 1756 343 1799 libellum
375 1757 519 1799 verius
560 1771 689 1811 quam
729 1757 957 1812 epistolam
996 1761 1125 1812 prout
1156 1758 1326 1800 venerit
1366 1758 1409 1800 in
1440 1759 1618 1800 buccam
1651 1757 1910 1801 effuderimb.

153 1822 281 1864 Jesus
313 1821 506 1865 Christus
539 1823 610 1876 qui
642 1826 709 1866 est
740 1825 784 1865 et
815 1825 1025 1866 venturus
1058 1825 1125 1865 est
1155 1822 1346 1865 iudicare
1379 1837 1547 1865 omnem
1579 1837 1752 1866 sensum
1794 1839 1912 1866 con·

153 1885 333 1929 fortet
376 1888 540 1930 corda
584 1890 775 1930 vestra
818 1887 861 1929 in
903 1887 1016 1942 omnj
1057 1888 1168 1930 bono
1213 1902 1341 1930 sensu
1386 1890 1438 1930 et
1481 1891 1705 1931 vestras
1748 1889 1911 1931 intel-

154 1950 458 2004 ligentias6
496 1954 540 1994 in
581 1952 695 2006 omnj
737 1954 857 1995 recta
898 1966 947 1994 ac
990 1966 1095 1994 vera
1137 1952 1381 2006 cognitione
1425 1953 1576 1995 Amen.
1649 1954 1718 1995 Ex
1759 1954 1913 2008 oppido

154 2015 313 2058 madrit
344 2016 416 2058 vbi
448 2019 515 2060 est
555 2017 758 2072 principis
800 2016 1038 2071 hyspaniae
1080 2017 1198 2060 curia
1262 2019 1315 2059 10
1349 2017 1416 2059 die
1448 2017 1592 2071 martij
1625 2017 1750 2060 Anno
1787 2021 1912 2061 1546.

863 2100 979 2142 Tuus
1011 2100 1055 2141 in
1088 2100 1256 2143 Christo
1289 2100 1428 2143 frater
1459 2103 1609 2154 petrus
1641 2101 1793 2144 Faber.

273 2248 284 2261 ὃ
310 2245 393 2285 sve,-
417 2245 477 2277 sed
503 2245 684 2287 leyendum
710 2255 778 2277 esse
803 2245 964 2278 videtur:
990 2244 1201 2279 edificatam.
1348 2244 1361 2261 ’Ἰ
1385 2244 1593 2278 effunderim
1620 2250 1756 2289 atstogsr.

277 2388 287 2407 ¹
313 2387 397 2422 Luc.
426 2388 457 2430 9,
485 2388 540 2423 62.
686 2390 700 2410 ²
725 2390 778 2424 Cf.
805 2389 911 2424 Prov.
939 2390 995 2431 26,
1024 2391 1079 2425 11.
1121 2391 1142 2424 2
1169 2391 1266 2425 Petr.
1293 2391 1324 2431 2,
1352 2391 1407 2424 22.

275 2440 288 2460 3
313 2441 412 2475 Haec
429 2441 576 2486 pulchre
595 2443 811 2477 conveniunt
829 2454 909 2477 cum
928 2443 1074 2486 regulis,
1093 2455 1184 2488 quas
1203 2445 1238 2478 S.
1259 2445 1420 2488 Iynatius·
1438 2444 1473 2477 in
1496 2443 1620 2486 „Libro
1639 2445 1911 2480 exercitioru1n“

156 2493 340 2537 proposuit
365 2494 408 2529 ad
435 2497 552 2529 motus
578 2496 687 2530 animi
714 2496 965 2530 discernendos
993 2496 1155 2540 (regulae
1182 2509 1244 2542 pro
1273 2499 1302 2532 1.
1330 2497 1503 2538 hebdom„
1530 2509 1563 2532 n.
1591 2497 1711 2540 5—8).

275 2547 288 2566 ⁴¹
314 2546 407 2581 Phil.
434 2547 465 2589 2,
492 2548 596 2583 5—7.
739 2550 752 2569 ⁵
778 2549 868 2583 Phil.
896 2549 927 2590 2,
955 2549 986 2584 8.

276 2599 289 2619 ⁰
314 2599 406 2634 Phil.
432 2602 465 2641 4,
493 2601 524 2635 7.
