2113 3430
192 188 275 228 518
565 181 640 215 168.
677 178 842 214 Cauisius
869 177 1038 220 Wiguleo
1064 176 1199 211 Hundt.
1245 177 1298 211 14.
1325 176 1450 211 Martii
1478 176 1578 210 1555.

312 300 520 342 Dominus
543 299 673 339 Jesus
706 294 1030 349 corruptissimo
1064 292 1209 335 seculo
1241 294 1370 334 finem
1403 296 1447 336 et
1468 293 1640 335 modum
1667 292 1853 345 aliquem
1882 291 1964 332 im-

190 369 346 421 ponat,
389 366 437 405 vt
469 363 581 405 sicut
612 375 750 415 nuper
781 360 824 401 in
857 358 1018 412 Anglia
1050 372 1127 412 per
1159 357 1405 409 foeminam,
1438 372 1596 400 nouam
1628 357 1762 410 velutj
1796 355 1963 406 -Judith,

191 434 333 473 actum
369 432 456 472 est:
505 428 567 470 ita
598 441 676 481 per
707 428 881 467 nostros
914 423 1158 466 Catholicos
1189 422 1427 477 principes,
1474 423 1761 465 exturbentur
1802 424 1962 476 pestes,

191 497 402 538 tollantur
429 506 623 535 errorum
653 489 866 543 magistrj,
901 488 1216 531 dissensionum
1241 487 1393 530 Studia
1415 487 1652 541 sopiantur,
1685 488 1966 541 Agnoscatur

192 560 339 614 christj
374 558 562 600 vicarius
595 559 639 599 et
672 555 881 598 ecclesiae
922 556 1094 609 pastor,
1139 567 1189 594 ac
1222 552 1388 595 tamdiu
1430 552 1676 594 desiderata
1715 552 1838 594 nobis
1875 566 1963 606 pax

191 625 344 667 redeat
386 623 678 666 ecclesiarum.
743 619 917 663 Redibit
959 621 1105 661 autem
1143 618 1294 672 procul
1328 617 1477 667 dubio,
1519 617 1555 659 si
1587 617 1642 659 ad
1674 616 1963 659 obedientiam

192 693 236 733 et
258 690 460 732 vnionem
492 689 624 737 illam,
659 686 772 728 vnde
794 689 885 728 tam
917 684 1093 737 indigne
1125 684 1440 725 subtraxerunt
1461 696 1570 732 sese,
1598 683 1733 736 nostrj
1767 696 1813 724 se
1845 682 1963 736 prin-

192 755 309 810 cipes
340 754 563 808 recipiant.
614 753 851 804 Sectasque
884 764 939 792 ex
971 749 1114 791 animo
1148 749 1440 791 detestentur.
1475 761 1624 789 verum
1659 747 1710 789 de
1741 747 1808 789 his
1841 747 1962 789 alias.

193 821 325 875 Cupio
357 819 531 862 interim
554 817 707 872 pietatj
731 819 835 859 tuae
857 829 936 857 nos
969 814 1294 856 commendatos
1317 827 1425 863 esse,
1459 811 1737 866 quantumvis
1761 812 1962 865 exiguum

191 887 273 928 hoc
305 885 363 927 sit
395 884 507 937 quod
540 896 768 937 possumus
794 881 838 922 in
870 879 1105 923 asserenda
1127 879 1366 932 Religione,
1400 878 1494 920 Nec
1526 878 1747 930 ingratum
1779 877 1861 919 erit
1893 891 1964 919 00-

193 964 425 1004 gnoscere,
469 948 569 1002 quid
611 948 726 990 inter
760 947 925 1000 Regem
958 948 1175 995 nostrum,
1218 943 1541 998 principemque
1574 945 1767 984 vestrum
1809 943 1860 984 de
1892 942 1966 984 illo

194 1016 383 1069 (Jollegio
406 1013 662 1067 Ingolstadij
696 1012 916 1053 fundando
948 1012 1187 1053 tractatum
1211 1009 1268 1052 sit
1285 1011 1312 1052 1.
1358 1009 1431 1052 Sin
1454 1009 1594 1050 minus
1622 1007 1829 1062 procedet
1850 1006 1967 1061 pium

193 1082 273 1123 hoc
304 1079 565 1129 institutum,
598 1078 642 1119 in
675 1077 797 1119 nobis
819 1080 965 1119 tamen
987 1075 1203 1117 Bauariae
1237 1074 1535 1128 commodandj
1571 1075 1615 1116 et
1641 1072 1856 1126 seruiendj
1888 1086 1966 1113 vo-

193 1146 339 1188 luntas
371 1143 563 1187 manebit
585 1142 852 1197 amplissima
875 1140 1250 1196 paratissimaque.
1297 1140 1380 1182 Sed
1408 1139 1513 1181 nihil
1544 1139 1711 1189 mirum,
1743 1137 1778 1179 si
1803 1137 1967 1180 Sathan

195 1211 402 1265 eiusmodj
445 1211 627 1252 conatus
660 1208 715 1250 ad
747 1207 904 1261 Christj
937 1206 1121 1260 gloriam
1155 1209 1199 1248 et
1230 1205 1327 1247 fidei
1373 1204 1715 1247 aedificationem
1756 1203 1870 1245 haud
1901 1201 1968 1243 in-

194 1276 344 1327 utiles,
385 1289 503 1317 more
536 1289 612 1316 suo
645 1272 875 1327 impediat,
919 1273 995 1314 aut
1026 1271 1070 1312 in
1102 1272 1279 1324 longum
1321 1271 1540 1312 extrahat.
1605 1270 1697 1318 Qua
1728 1268 1771 1310 in
1803 1282 1850 1310 re
1882 1282 1969 1309 non

195 1341 356 1392 dubito,
391 1340 494 1394 quin
524 1354 602 1394 pro
631 1338 744 1392 virilj
779 1341 931 1380 actura
963 1337 1021 1378 sit
1053 1336 1267 1391 sapientia
1300 1338 1344 1378 et
1376 1335 1620 1378 authoritas
1651 1337 1741 1385 tua,
1779 1333 1822 1375 id
1855 1332 1966 1386 quod

195 1406 378 1457 christo,
414 1405 527 1460 quod
559 1403 789 1454 ecclesiae,
825 1403 938 1456 quod
969 1402 1082 1456 fidej,
1118 1402 1230 1455 quod
1263 1401 1431 1455 patriae
1465 1403 1509 1442 et
1540 1399 1890 1443 honestissimum
1923 1400 1969 1440 et

195 1471 472 1514 vtilissimum
513 1469 734 1512 iudicabit.
798 1469 893 1521 Ego
937 1467 1138 1521 quicquid
1176 1464 1504 1520 Illustriss[imi]
1547 1465 1751 1520 principis
1783 1464 1967 1517 Albertj,

195 1540 429 1590 vestroque
462 1536 632 1578 nomine
665 1537 891 1589 praestare
924 1547 1120 1588 possum,
1160 1532 1367 1586 singularj
1402 1531 1588 1584 quodam
1621 1532 1791 1581 affectu,
1825 1528 1970 1571 nescio

197 1616 280 1656 quo
312 1605 440 1656 pacto
474 1601 696 1643 declarare
729 1599 960 1652 aliquando
993 1612 1040 1639 re
1071 1598 1166 1652 ipsa
1207 1611 1346 1650 neque
1379 1597 1523 1639 verbis
1563 1596 1755 1650 pollicerj
1798 1597 1969 1637 tantum

197 1667 423 1722 percupio,
467 1667 574 1708 adeo
616 1665 716 1707 mihi
761 1664 878 1718 cordj
922 1666 989 1706 est
1021 1662 1231 1714 Bauaria,
1275 1662 1318 1703 in
1351 1676 1458 1715 qua,
1500 1661 1536 1703 si
1568 1676 1718 1703 verum
1752 1662 1819 1702 est
1852 1660 1973 1701 Ana-

197 1733 486 1787 baptistarum
507 1732 679 1774 Sectam
704 1730 771 1784 (vt
793 1729 933 1782 aiunt)
956 1729 1046 1771 late
1068 1728 1276 1782 grassarj,
1301 1730 1368 1770 est
1385 1741 1490 1769 sane
1513 1741 1586 1769 cur
1609 1726 1763 1769 merito
1787 1725 1969 1767 doleam.

198 1797 406 1840 Dominus
440 1798 569 1839 Jesus
612 1810 688 1851 per
729 1810 808 1837 Vos
851 1794 1027 1836 afflictis
1069 1794 1197 1835 rebus
1240 1807 1365 1847 opem
1407 1793 1599 1843 adferat,
1643 1795 1687 1834 et
1723 1791 1973 1846 peruicaces

196 1864 305 1906 istos
337 1863 380 1904 in
413 1862 553 1905 officio
585 1860 825 1914 Religionis
867 1859 1110 1910 contineat,
1154 1861 1203 1900 vt
1236 1858 1368 1901 etiam
1401 1858 1437 1900 si
1478 1872 1585 1912 opus
1618 1857 1696 1906 sit,
1740 1855 1972 1910 compel-

197 1929 389 1971 lantur
429 1927 699 1975 intrare&
740 1925 811 1979 qui
845 1927 999 1979 suapte
1032 1926 1187 1979 sponte
1220 1926 1265 1966 et
1297 1923 1411 1965 omni
1442 1923 1686 1965 honestatis
1717 1921 1885 1964 ratione
1918 1921 1973 1962 ad

199 1993 425 2035 ecclesiam
468 1993 607 2035 redire
650 1995 694 2034 et
732 1991 775 2033 in
808 1990 1007 2032 Ecclesia
1047 2003 1330 2044 perseuerare
1371 1989 1475 2031 nihil
1517 1991 1682 2030 curant.
1747 1987 1861 2028 Vere
1895 2000 1975 2027 nos

198 2059 396 2108 foeliceS‚
432 2057 629 2111 quamuis
661 2057 793 2110 vulgo
827 2056 1063 2110 contemptj
1098 2054 1340 2103 uideamur,
1375 2054 1411 2096 si
1443 2054 1498 2096 ad
1531 2053 1680 2107 christj
1713 2052 1895 2106 gloriam
1929 2053 1975 2093 et

199 2124 485 2166 vindicandae
526 2122 765 2176 Religionis
807 2121 997 2163 studium
1038 2135 1116 2162 nos
1157 2122 1275 2162 totos
1317 2122 1621 2162 conuertamus
1662 2119 1706 2160 in
1742 2118 1823 2159 hac
1862 2120 1975 2159 tem-

199 2192 393 2244 pestate,
437 2203 547 2243 quae
589 2202 675 2230 non
716 2188 855 2229 solum
897 2185 1176 2240 patientiam,
1221 2185 1297 2227 sed
1339 2185 1470 2227 etiam
1513 2183 1804 2237 diligentiam,
1847 2182 1972 2223 fidem

201 2268 463 2309 operamque
496 2267 665 2296 omnem
697 2255 893 2294 nostram
925 2251 1132 2306 postulat.
1180 2250 1317 2300 Quam
1339 2249 1572 2291 iucundum
1596 2249 1696 2290 olim
1729 2246 1976 2289 meminisse

202 2319 296 2369 erit,
332 2316 646 2373 Amicissfime‘l
681 2318 768 2367 vir,
813 2331 890 2358 nos
922 2316 1083 2358 talibus
1124 2315 1308 2366 inuisos,
1351 2314 1519 2369 piorum
1551 2313 1711 2363 socios,
1754 2311 1977 2354 Ecclesiae

201 2385 324 2434 filios,
359 2398 436 2438 pro
460 2382 748 2437 erran[tibusj
774 2382 995 2432 sollicitos,
1028 2396 1116 2435 pro
1147 2381 1290 2422 domo
1322 2379 1401 2422 dei
1431 2380 1573 2421 zelo3
1595 2392 1812 2427 accensos,
1838 2377 1976 2418 multa

203 2449 446 2503 pertulisse,
480 2446 768 2502 magnjaque]
802 2450 1012 2497 tentasse,
1048 2446 1130 2488 etsi
1162 2460 1315 2500 parum
1348 2445 1461 2487 forte
1494 2443 1764 2486 successerit.
1823 2443 1976 2495 Itaque

203 2514 427 2568 laborandj
451 2527 576 2564 nunc,
611 2515 660 2555 vt
683 2516 813 2555 antea
845 2526 1079 2566 nunquam,
1115 2511 1239 2553 adest
1272 2509 1453 2560 occasio,
1488 2509 1681 2563 certandj
1715 2509 1847 2558 locus,
1883 2506 1977 2548 vin-

205 2579 411 2633 cendique
444 2583 616 2633 tempus
649 2579 775 2621 offert
808 2592 917 2628 sese,
951 2579 995 2619 et
1026 2579 1185 2630 parata
1217 2578 1284 2618 cst
1317 2575 1431 2629 apud
1465 2574 1673 2617 christum
1707 2587 1865 2615 corona
1897 2571 1977 2621 his,

329 2733 338 2752 ¹
364 2732 611 2767 Ferdinandus
647 2731 702 2765 22.
730 2730 939 2764 Decembris
968 2729 1059 2763 1554
1085 2727 1317 2768 Laudishuti,
1354 2726 1516 2761 24.—·28.
1545 2725 1753 2760 Decembris
1787 2724 1978 2764 Monachii,

209 2788 262 2819 211.
292 2786 498 2820 Decembris
527 2785 618 2819 1554
654 2784 697 2818 ad
735 2785 788 2818 19.
816 2783 974 2826 Augusti
1004 2783 1093 2816 1555
1128 2782 1315 2824 Augustae
1342 2779 1610 2814 Vindelicorum
1644 2779 1732 2819 fuit,
1771 2777 1829 2811 ubi
1856 2778 1888 2811 5.
1914 2777 1977 2810 Fe-

208 2839 341 2872 bruarii
369 2838 511 2873 comitia
538 2837 677 2882 imperii
705 2837 855 2881 aperuit.
892 2836 941 2869 Eo
969 2835 1077 2870 etiam
1102 2834 1274 2868 Albertus
1300 2833 1343 2868 V.
1371 2832 1547 2867 Bavariae
1575 2833 1647 2866 dux
1673 2833 1822 2865 venerat
1844 2830 1976 2873 (Stc‘ilin

211 2892 230 2924 l.
259 2904 287 2924 (J.
316 2904 347 2935 p.
376 2892 454 2925 3553.
504 2893 655 2925 Janssen
685 2890 706 2924 l.
735 2902 763 2924 0.
792 2889 853 2930 ΙΙΙ,
882 2889 979 2931 748).

329 2944 341 2963 ²
368 2944 450 2977 Lm.
474 2946 526 2984 14,
553 2944 608 2978 23.
645 2943 711 2977 His
737 2942 858 2977 verbis
885 2941 1075 2987 parabolae
1102 2940 1339 2975 invitatorum
1366 2939 1409 2973 ad
1437 2950 1572 2979 cenam,
1599 2938 1659 2981 qui
1686 2948 1724 2971 se
1750 2938 1980 2976 excusarunt,

211 2995 316 3028 etiam
346 3000 380 3029 Ν.
411 3000 631 3039 Augsustinus
658 2997 789 3037 utitur,
827 3007 905 3029 cum
943 2995 1166 3029 demonstrat
1190 2993 1391 3026 haereticos
1417 2995 1516 3026 metu
1543 3002 1585 3025 ac
1612 2990 1648 3023 vi
1675 2989 1753 3032 cogi
1780 2999 1903 3033 posse,
1940 2990 1981 3022 ut

212 3048 255 3081 ad
292 3049 500 3082 sociotatem
537 3050 710 3083 ccclesiae
746 3049 892 3082 redeant
923 3047 990 3090 (De
1017 3046 1234 3081 correctione
1261 3045 1532 3079 Donatistarum
1560 3055 1589 3077 0.
1618 3043 1657 3083 6,
1683 3053 1716 3075 n.
1745 3041 1798 3075 24.
1841 3042 1875 3075 S.
1905 3043 1981 3074 Au-

211 3103 345 3142 slusle'm'
380 3101 534 3144 Operum
572 3105 653 3136 tom.
682 3102 733 3142 11,
773 3113 880 3145 opera
907 3101 1000 3134 Mon.
1029 3100 1068 3134 O.
1098 3099 1131 3134 S.
1160 3100 1198 3133 B.
1236 3111 1253 3132 e
1292 3100 1419 3141 Congr.
1458 3096 1491 3131 S.
1527 3095 1645 3130 Mauri
1681 3094 1846 3138 [Parisiis
1876 3092 1980 3137 1679]

214 3153 278 3186 col.
307 3154 385 3187 653.
432 3155 560 3197 Jliyne,
590 3154 657 3188 1'1’.
686 3155 753 3188 LL.
782 3153 946 3195 XXXIII,
974 3152 1191 3195 soa-804).
1338 3152 1350 3171 ³
1376 3151 1434 3184 Ps.
1462 3150 1518 3191 68,
1548 3149 1598 3182 10.
1634 3148 1681 3181 Io.
1709 3148 1746 3183 2
1771 3147 1822 3181 17.
