2113 3430
409 200 486 234 189.
521 200 686 236 Canisius
712 201 867 236 Henrico
893 200 1131 236 Sehweicker.
1177 201 1231 236 19.
1258 199 1466 234 Decembris
1494 199 1595 234 1555.
1796 201 1877 242 587

119 331 190 368 que
216 318 460 367 submoveatis,
487 319 539 355 ad
567 331 625 355 me
653 321 804 366 missas,
832 318 997 355 intellexa?
1025 331 1120 367 quae
1149 319 1193 355 cle
1223 318 1451 354 instituendo
1480 317 1706 365 Itholstccclij'
1734 317 1881 366 eolleyio

117 390 162 414 ac
189 378 395 414 semitamc'o
424 376 606 414 bonorum
635 390 679 414 ac
705 378 875 425 fidelium
906 379 1194 424 munisti-orum,
1231 377 1430 414 catholicae
1458 377 1688 425 Babylonis,
1729 376 1779 413 iba·
1808 389 1881 424 pcc-

120 437 255 485 rcmdo,
273 440 400 472 sancte
417 448 461 472 ac
474 448 550 484 pro
569 437 740 473 catholici
759 449 803 473 ac
822 437 954 484 optimi
975 436 1168 485 1³m‘neey22's
1188 437 1383 485 difflec'tccte,
1410 435 1450 472 T.
1466 435 1512 472 E.
1533 434 1790 472 constituerit“
1812 465 1819 472 .
1843 465 1850 472 .
1873 465 1879 472 .

237 521 293 555 Ex
309 520 378 554 hac
396 520 551 566 epistula
576 521 680 566 plura
706 522 931 566 proferentur
949 522 1052 561 infra,
1080 522 1123 555 ad
1143 522 1334 566 epistulam
1353 522 1485 556 Canis-ii
1515 522 1567 556 16.
1588 521 1770 556 Februarii
1792 522 1881 556 1556

118 574 163 609 ad
189 573 481 608 Schweickerum
509 574 641 609 datam.

936 662 1058 704 189.

851 754 1147 801 CANISIUS

561 852 888 896 HENRIGO
923 852 1436 896 SOHWEIGKER.

673 943 901 990 Ingolstadio
928 943 976 979 19.
1003 943 1210 980 Decembris
1236 943 1329 980 1555.

237 1026 292 1059 Ex
318 1025 541 1070 autographo
579 1025 660 1069 (203
689 1026 754 1069 1¹l2
781 1037 858 1070 pp.;
894 1025 928 1060 in
955 1038 987 1071 p.
1015 1027 1047 1060 4.
1074 1026 1180 1060 inser.
1209 1028 1244 1060 et
1269 1027 1368 1070 sig).
1413 1026 1496 1061 Cod.
1523 1037 1659 1060 monac.
1690 1026 1777 1068 „Ies.
1804 1026 1881 1070 Ing.

123 1079 500 1178 13ῡ9χῖἅρξὲιζὲὶιιῗιῗι.
511 1132 653 1166 saeculo
668 1131 780 1167 XVII.
794 1132 852 1166 vel
866 1132 996 1166 XVIII.
1016 1132 1189 1177 scriptum
1208 1134 1329 1167 exstat
1346 1133 1381 1166 in
1400 1133 1475 1167 cod.
1495 1144 1631 1168 monac.
1654 1132 1751 1175 „Lat
1768 1133 1878 1168 1606εί

118 1185 143 1220 f·
172 1186 215 1220 10
238 1186 382 1273 Palrtem
408 1238 584 1283 epistulae
610 1239 813 1282 germanice
839 1239 951 1273 vertit
976 1241 1075 1273 Re'ess
1100 1239 1122 1273 l.
1151 1251 1180 1274 c.
1206 1252 1240 1284 p.
1271 1240 1465 1274 158—159.

239 1321 478 1355 Sehecee'clcero
500 1321 641 1363 qratia-3
665 1321 739 1363 αρίΐΥ
765 1332 909 1363 eumque
935 1326 1055 1364 νομαί,
1093 1326 1128 1353 nt
1154 1322 1313 1354 ecelesiae
1339 1322 1529 1354 catholicae
1555 1326 1585 1354 et
1612 1322 1796 1355 Societatis
1815 1332 1882 1364 pa-

120 1379 246 1407 tronus
281 1385 348 1407 esse
376 1379 515 1417 peryat.
567 1374 620 1406 De
650 1374 795 1416 Georgii
820 1374 957 1407 Wieelii
991 1375 1094 1408 libris
1119 1385 1161 1407 ac
1186 1375 1227 1407 (Ie
1253 1386 1374 1418 opere,
1411 1375 1503 1418 quod
1531 1376 1602 1417 ipse
1628 1376 1884 1418 compositurus

119 1429 175 1461 sit.
228 1427 272 1460 Se
298 1438 446 1470 „curam
464 1426 707 1470 pastoralem“
734 1429 772 1460 in
798 1429 1027 1461 universitate
1052 1429 1175 1461 (locere
1201 1432 1231 1461 et
1255 1439 1357 1471 saepe
1387 1430 1599 1461 contionari.

912 1513 1089 1556 IESVS.

614 1595 843 1649 Magnifice
876 1598 921 1638 et
951 1609 1161 1648 generose
1193 1595 1387 1638 Domine.

241 1676 393 1719 Gratia
425 1676 584 1718 domini
615 1677 753 1719 nostri
785 1677 916 1719 IESV
949 1677 1190 1728 CHRISTi,
1235 1680 1279 1720 et
1310 1692 1398 1731 pax
1431 1691 1558 1730 quam
1592 1676 1777 1718 mundus
1808 1689 1887 1717 nec

122 1740 247 1792 dare,
291 1756 370 1783 nec
403 1742 597 1796 accipere
629 1743 827 1796 potest1‚
870 1745 974 1784 nato
1006 1742 1092 1784 iam
1125 1742 1244 1796 pacis
1277 1743 1480 1792 authore,
1515 1742 1593 1792 sit,
1627 1744 1888 1794 maneatque

120 1806 343 1848 nobiscum
384 1807 535 1849 Amen.
598 1807 859 1850 Benedictus
891 1807 1112 1857 Dominus,
1152 1807 1271 1849 cuius
1303 1807 1447 1860 gratia
1480 1807 1531 1848 (le
1563 1806 1888 1849 immerentibus

121 1871 253 1914 etiam
285 1872 393 1913 bene
425 1872 579 1914 mereri
612 1873 759 1915 studet
790 1872 1037 1914 humanitas
1069 1875 1167 1923 tua,
1202 1872 1306 1913 nihil
1338 1872 1653 1922 intermittens,
1687 1871 1801 1925 quod
1833 1871 1888 1913 ad

122 1936 433 1987 Christianum,
476 1940 520 1979 et
551 1937 760 1980 Societati
791 1937 889 1979 huic
922 1937 1114 1979 deditum
1145 1940 1298 1992 pectus
1332 1937 1636 1979 declarandum
1671 1939 1842 1991 spectat
1858 1937 1887 1979 2.

122 2000 325 2054 Agnosco
358 2015 462 2043 sane
503 2005 711 2055 quantum
754 2002 933 2044 debeam
965 2002 1063 2044 huic
1094 2002 1138 2043 in
1169 2017 1248 2044 nos
1280 2002 1415 2044 amori
1453 2016 1504 2044 ac
1536 2001 1887 2044 beneuolentiae:

121 2066 422 2119 Christumque
456 2066 553 2121 Opt.
587 2067 704 2109 Max.
738 2081 909 2121 precor,
951 2070 1000 2110 vt
1041 2068 1152 2121 quod
1186 2067 1349 2121 Spiritu
1381 2081 1457 2109 suo
1489 2067 1533 2108 in
1565 2069 1609 2109 te
1642 2066 1805 2121 coepit,
1844 2066 1887 2108 id

121 2132 334 2185 prouehat
375 2134 506 2185 atque
539 2133 786 2175 confirmeta
827 2132 881 2174 ad
914 2136 1219 2175 sacrosanctae
1250 2132 1350 2174 fidei
1383 2135 1427 2174 et
1458 2131 1696 2185 Religionis
1730 2131 1888 2174 Ortho-

122 2197 262 2238 doxae
304 2196 618 2248 defensionem,
662 2197 792 2239 decus
824 2199 868 2239 et
900 2200 1193 2251 augmentum.
1257 2197 1436 2240 Vtinam
1475 2196 1718 2238 huiusmodi
1749 2197 1887 2238 zelum

120 2261 164 2303 in
195 2261 389 2316 pluribus
420 2276 497 2316 pro
529 2262 691 2304 tuenda
724 2265 768 2305 et
800 2263 1098 2304 conseruanda
1130 2263 1254 2304 domo
1287 2263 1369 2304 Dei
1400 2261 1709 2316 experiremur,
1748 2261 1888 2303 minus

121 2326 311 2369 fortasse
353 2327 573 2369 laboraret
604 2326 794 2369 Bauaria
828 2327 1156 2380 Germaniaque.
1220 2327 1368 2380 Jgitur
1408 2327 1519 2380 quod
1562 2340 1736 2381 operam
1768 2329 1889 2369 tuam

122 2406 208 2433 non
239 2392 377 2433 solum
409 2391 638 2446 polliceriS‚
674 2392 749 2434 sed
780 2394 980 2446 praestas
1014 2392 1144 2434 etiam
1178 2392 1313 2443 nobis,
1349 2395 1392 2434 et
1424 2391 1646 2434 Ecclesiae
1677 2391 1770 2442 Dei,
1803 2406 1888 2433 non

122 2470 296 2510 possum
329 2471 415 2498 non
436 2457 744 2510 magnifacere,
777 2472 828 2499 ac
850 2471 955 2511 rogo
988 2457 1195 2499 maiorem
1221 2457 1265 2499 in
1287 2457 1473 2507 modum,
1508 2459 1556 2498 vt
1579 2471 1737 2498 nouam
1758 2456 1888 2498 istam

124 2521 286 2562 Romae
319 2524 544 2575 acceptam
576 2521 886 2575 dignitatem3,
931 2536 1040 2575 quae
1073 2536 1157 2564 non
1190 2521 1396 2564 ambienti
1440 2521 1643 2574 contigit,
1686 2521 1888 2574 quamdiu

124 2585 258 2635 vines,
292 2585 346 2627 ad
367 2585 461 2640 pios
492 2587 807 2640 promouendos
838 2586 1134 2640 iuuandosque
1168 2590 1410 2636 conuertas,
1444 2586 1581 2627 fidelis
1604 2600 1775 2640 semper
1807 2586 1889 2628 Pa-

122 2653 275 2693 tronus
315 2651 504 2692 fidelium
540 2651 585 2692 in
621 2651 748 2693 vinea
788 2651 1000 2694 dominica
1043 2651 1359 2706 operariorum,
1403 2651 1474 2704 qui
1511 2650 1750 2693 nobilitatis
1786 2654 1889 2693 tuae

123 2715 324 2757 benefitio
370 2715 579 2757 aduersus
623 2715 732 2758 istas
774 2719 945 2770 pesteS,
991 2716 1222 2769 mundique
1268 2716 1561 2770 corruptelas,
1607 2718 1651 2757 et
1695 2730 1888 2757 errorum

123 2780 328 2822 tenebras
369 2780 658 2824 defendantur
689 2795 739 2822 ac
780 2781 1065 2824 illustrentur.
1129 2781 1252 2832 Dixi,
1286 2796 1364 2822 nec
1397 2781 1529 2835 pudet
1566 2783 1784 2834 repetere,
1828 2781 1889 2823 sic

243 2910 257 2924 ‘²
280 2907 450 2949 Sequitur
461 2917 472 2938 .·
497 2916 577 2945 non,
605 2906 699 2938 linea
725 2906 883 2939 deletum.

249 3022 257 3042 ¹
286 3021 338 3056 Cf.
365 3021 413 3054 Io.
443 3021 496 3061 14,
524 3021 579 3054 27.

246 3074 259 3095 ²
286 3074 513 3108 Schweicker
539 3074 679 3108 Canisio
714 3073 903 3119 scripsisse
939 3074 1082 3109 videtur
1116 3086 1155 3108 se
1190 3075 1370 3115 effecisse,
1405 3076 1446 3108 ut
1480 3074 1553 3108 dux
1583 3074 1768 3119 probaret,
1799 3086 1890 3119 quae

127 3127 336 3171 lngolstadii
363 3127 406 3161 de
432 3127 582 3169 collegio
609 3127 790 3161 condendo
817 3127 1012 3161 constituta
1039 3129 1150 3169 erant,
1178 3139 1219 3161 ac
1246 3127 1435 3170 collegium
1459 3127 1503 3162 ab
1528 3128 1666 3171 Ignatio
1692 3130 1841 3173 peteret.

247 3180 260 3200 ³
285 3179 410 3214 Ordini
436 3181 594 3224 equestri
623 3180 822 3223 („equitum
849 3182 1073 3214 auratorunff
1090 3182 1123 3222 5³)
1153 3180 1331 3225 ascriptus
1357 3192 1436 3215 esse
1462 3180 1616 3216 videtur.
