2113 3430
455 200 534 235 150.
571 199 736 234 canisius
762 199 945 234 Leonardo
971 198 1110 234 Kessel.
1153 199 1208 233 30.
1235 198 1370 243 Aprilis
1398 199 1500 233 1554.
1781 202 1865 242 465

98 317 153 358 in
184 317 412 357 mortem
437 311 534 367 [sic]
554 315 581 355 1.
645 313 832 355 Erraui
871 313 1007 355 sicut
1046 313 1156 355 ouis
1195 327 1325 367 quae
1356 313 1560 368 perijt2,
1602 314 1716 356 uias
1747 317 1866 356 tuas

99 380 325 423 Domine
367 379 686 420 demonstra
726 377 886 419 mihi3
919 381 1000 420 etc.
1063 378 1277 420 Paruulus
1310 382 1428 428 esto,
1471 382 1514 421 et
1545 392 1694 420 ueram
1727 379 1865 421 disces

100 443 358 499 sapientiam
372 444 401 485 4.
455 443 511 484 Jn
544 442 725 484 ecclesia
755 443 895 484 lucem
926 442 1006 485 tibi
1036 446 1236 497 paratam
1268 443 1481 485 offendes:
1515 443 1716 496 quicquid
1738 447 1865 486 extra

101 508 336 563 quaesieris
368 521 529 560 augere
560 509 765 550 tenebras
786 511 944 561 potest,
979 508 1117 549 lucem
1140 508 1243 549 dare
1265 522 1350 549 non
1372 511 1531 562 potest,
1566 511 1609 550 et
1632 508 1668 550 si
1690 508 1863 550 Arrium

99 575 240 628 ipsum
280 573 593 627 scripturarum
633 572 788 626 peritia
829 586 1069 626 superares,
1133 573 1254 614 Haec
1296 586 1377 625 ego
1418 572 1481 614 tui
1515 587 1665 615 amans
1698 576 1741 615 et
1773 576 1865 615 stu—

101 639 268 689 diosus,
309 641 439 692 prout
476 651 531 679 ex
561 642 757 691 tempore
788 637 931 691 potui,
973 636 1081 679 satis
1113 637 1285 689 quidem
1317 641 1366 679 ut
1397 637 1538 687 uides,
1582 638 1865 681 tumultuarie

101 703 265 758 scripsi.
314 703 379 744 Tu
410 703 566 744 bonam
598 702 641 743 in
673 705 841 756 partem
863 704 912 743 ut
933 715 1072 755 spero,
1108 701 1293 756 accipies
1316 702 1471 754 omnia,
1506 703 1864 755 quemadmodum

102 770 155 810 ob
196 772 297 811 tuae
338 767 492 809 salutis
533 767 745 809 rationem
787 781 812 807 a
852 781 921 807 me
961 766 1218 809 mittuntur²
1259 767 1452 810 candide.
1515 767 1624 809 Vale
1657 767 1790 820 igitur
1822 768 1865 809 in

103 833 272 875 Christo
305 833 410 875 Jesu
442 832 594 882 frater,
629 834 672 874 et
704 845 785 884 age
817 830 984 884 gratias
1017 831 1186 873 diuinae
1219 831 1470 874 uisitationi.

1072 913 1228 956 Petrus
1261 914 1455 956 Canisius
1488 913 1804 967 Theologorum

1337 979 1550 1022 minimus.

225 1071 317 1106 Huic
344 1071 519 1116 epistulae
544 1074 702 1116 tempus,
739 1083 808 1116 quo
835 1071 919 1104 data
945 1070 1010 1111 sit,
1046 1082 1116 1104 non
1142 1074 1198 1105 est
1224 1071 1430 1116 ascriptum.
1482 1071 1537 1105 Ex
1563 1071 1719 1117 epistula
1745 1074 1865 1106 autem

106 1124 267 1170 proxime
294 1124 501 1159 subicienda
528 1127 625 1158 certo
652 1127 794 1158 constat
818 1123 960 1157 Politen
986 1126 1139 1157 exeunte
1156 1124 1272 1169 Aprili
1299 1136 1328 1158 a.
1350 1125 1441 1158 1554
1459 1124 1618 1159 Viennae
1643 1125 1679 1158 in
1704 1126 1866 1159 custodia

106 1177 250 1222 publica
275 1177 406 1217 fuisse;
435 1180 543 1221 atque
569 1176 660 1211 actis
686 1177 759 1211 illis
785 1176 953 1220 antiquis,
982 1188 1027 1210 ex
1054 1177 1183 1220 quibus
1209 1177 1298 1211 haec
1325 1178 1481 1222 epistula
1507 1190 1619 1223 nuper
1645 1178 1865 1223 transcripta

107 1234 162 1265 est
177 1232 200 1272 5,
235 1231 417 1275 probabile
451 1230 612 1264 redditur
645 1242 726 1264 eum
758 1230 824 1264 sub
859 1230 1015 1264 medium
1049 1230 1211 1274 Aprilem
1246 1233 1391 1275 captum
1425 1243 1514 1265 esse.
1567 1231 1678 1265 Paulo
1713 1234 1795 1276 post
1832 1231 1863 1265 ei

106 1284 247 1318 litteras
273 1284 339 1317 has
364 1284 494 1317 missas
521 1295 599 1317 esse
625 1283 768 1317 litterae
794 1283 894 1327 ipsae
921 1283 1124 1317 ostendunt.

227 1336 391 1371 Canisius
425 1340 550 1381 postea
576 1336 717 1370 Politen
752 1336 860 1370 etiam
895 1347 1013 1370 coram
1049 1336 1260 1370 adhortatus
1296 1339 1361 1370 est.
1412 1336 1569 1370 Tandem
1601 1336 1678 1378 hie,
1715 1349 1796 1371 cum
1830 1337 1866 1370 in

106 1390 254 1424 Lutheri
280 1390 507 1433 dogmatibus
532 1389 760 1434 persisteret,
787 1400 909 1423 mense
935 1388 1024 1423 lulio
1051 1401 1082 1423 a.
1111 1390 1201 1423 1554
1228 1401 1307 1423 cum
1334 1390 1410 1423 suis
1437 1390 1479 1423 de
1505 1390 1719 1424 Ferdinandi
1745 1391 1867 1434 regnis

108 1443 271 1477 omnibus
298 1443 433 1477 eiectus
459 1445 514 1476 est
529 1443 552 1477 ⁶.

929 1531 1050 1573 150.

839 1630 1134 1677 CANISIUS

570 1730 633 1771 P.
664 1728 1063 1771 LEONARDO
1096 1728 1403 1781 KESSEL,

627 1815 809 1849 Sociorum
836 1815 1094 1850 coloniensium
1120 1816 1334 1860 praeposito.

729 1901 869 1937 Vienna
896 1901 953 1937 30.
979 1900 1119 1948 Aprilis
1144 1901 1239 1937 1554.

226 1986 281 2020 Ex
307 1985 522 2030 apographo,
550 1997 640 2019 anno
669 1985 758 2020 1886
778 1985 911 2019 Romae
936 1985 1033 2019 facto
1051 1997 1096 2018 ex
1115 1984 1269 2030 epistula
1287 1985 1495 2030 archetypa,
1522 1996 1612 2029 quae
1630 1987 1715 2019 tunc
1733 1985 1863 2019 ibidem

107 2043 182 2073 erat
210 2040 244 2072 in
270 2039 486 2073 bibliotheca
512 2038 683 2072 Ludovici
710 2038 850 2072 comitis
886 2039 928 2072 de
954 2038 1066 2080 Paar,
1102 2038 1327 2083 imperatoris
1353 2038 1522 2072 Austriae
1558 2039 1650 2083 apud
1685 2050 1862 2072 summum

107 2093 311 2137 pontificem
336 2092 459 2135 legati.
510 2091 699 2136 Inscriptio
735 2091 910 2136 epistulae
945 2092 1064 2131 deest3
1102 2092 1164 2125 sed
1198 2103 1306 2136 super
1339 2091 1464 2135 primis
1499 2091 1575 2126 eius
1610 2092 1730 2125 verbis
1756 2103 1863 2125 manu

110 2149 165 2188 (ut
182 2145 340 2188 videtur)
362 2146 510 2188 antiqua
528 2145 700 2190 scriptum
720 2147 792 2179 est:
816 2145 939 2186 „1554
959 2145 1004 2179 30
1022 2144 1155 2188 aprilis.
1175 2144 1324 2178 Vienna.
1344 2143 1385 2178 D.
1406 2144 1540 2189 Canisij
1561 2145 1605 2178 ad
1623 2145 1859 2179 Kesselium.“

229 2234 367 2266 Gaudet
405 2234 445 2265 de
485 2233 694 2266 leeoclorici
728 2233 860 2274 fratris
896 2235 954 2265 sici
991 2234 1141 2265 adventu.
1177 2238 1205 2265 et
1243 2234 1416 2266 ineundae
1453 2234 1635 2266 Soeietatis
1667 2235 1862 2276 proposito.

108 2288 221 2321 Sociis
259 2286 515 2319 coloniensibus
545 2297 761 2329 prosperum
797 2297 918 2318 rerum
952 2297 1143 2319 successum
1177 2287 1386 2328 yratulatm·
1421 2291 1449 2318 et
1486 2291 1601 2329 optat,
1643 2292 1678 2319 ut
1714 2287 1864 2319 Ioannes

111 2341 275 2383 Gropper
300 2351 355 2372 eos
380 2344 533 2372 tueatur.
585 2340 629 2372 Se
666 2341 702 2370 in
738 2339 916 2381 collegsium
954 2339 1181 2372 orchidia-(cle
1215 2341 1409 2372 transiisse.
1461 2340 1595 2372 Politen
1625 2341 1863 2382 professorem

107 2394 147 2425 ol)
172 2393 343 2426 haeresim
373 2394 409 2425 in
436 2393 627 2425 custodiam
658 2393 831 2425 inclusum
867 2404 945 2425 esse.
995 2393 1048 2425 De
1081 2394 1156 2425 setis
1182 2394 1436 2435 Sociorzcmque
1471 2393 1699 2425 contionilms.
1752 2394 1863 2425 Socie-

105 2451 207 2479 tatem
243 2446 382 2478 haeresi
419 2447 453 2478 in
490 2446 563 2478 dies
591 2446 838 2488 proyredienti
872 2445 1044 2478 obsistere.
1095 2446 1148 2478 De
1183 2446 1385 2488 compendio
1420 2446 1606 2487 tleeoloyieo
1642 2451 1671 2478 et
1703 2447 1744 2478 (le
1768 2446 1862 2478 scho-

107 2501 227 2532 lastico
254 2499 417 2542 quodam.

905 2562 1068 2604 IESVS

224 2644 475 2686 Reuerende
506 2644 549 2685 in
572 2643 739 2686 Christo
771 2644 909 2686 frater
940 2644 1084 2697 gratia
1116 2644 1274 2685 domini
1300 2644 1436 2686 nostri
1459 2645 1555 2686 Iesu
1578 2644 1735 2687 Christi
1768 2659 1863 2687 cum

105 2710 300 2751 omnibus
332 2708 453 2750 nobis
486 2722 623 2750 amen.

224 2798 313 2847 Quo
346 2796 616 2850 insperatior‚
651 2810 699 2837 eo
729 2796 895 2850 gratior
917 2797 998 2839 fuit
1020 2797 1169 2839 fratris
1192 2798 1418 2846 adventus,
1454 2812 1579 2849 quem
1600 2798 1727 2851 paulo
1749 2802 1862 2852 post,

106 2867 153 2906 ut
185 2863 347 2917 opinor,
382 2862 424 2903 in
448 2862 607 2903 Vrbem
641 2861 873 2911 mittemus,
908 2876 1164 2915 quamquam
1199 2862 1241 2903 id
1274 2862 1421 2903 amicis
1453 2862 1565 2903 illius
1590 2863 1862 2905 indicandum

223 3005 235 3016 ·¹
258 2997 414 3031 mittitur
440 2998 519 3030 libr.
548 3009 614 3030 rec.

227 3125 236 3144 ¹
262 3123 321 3157 ΡΞ.
351 3123 403 3163 12,
429 3123 462 3156 4.
609 3122 621 3141 ‘³
650 3121 706 3154 Ps.
736 3121 811 3161 118,
842 3121 918 3154 176.
1065 3122 1076 3140 ³
1102 3120 1160 3154 Ps.
1189 3121 1243 3162 24,
1271 3122 1302 3155 4.
1450 3124 1460 3141 ⁴
1488 3122 1540 3156 Cf.
1568 3121 1650 3156 Luc.
1681 3123 1733 3163 10,
1761 3123 1816 3157 21.

227 3177 238 3196 ⁵
265 3176 355 3210 Vide
381 3186 489 3220 supra
516 3187 547 3219 p.
575 3174 654 3209 462.
800 3175 813 3193 ⁰
839 3173 947 3208 Plura
973 3186 1006 3208 v.
1034 3175 1137 3214 infra,
1164 3185 1317 3208 monum.
1347 3174 1401 3208 88.

175 3239 480 3270 Braunsbergcr,
501 3240 611 3264 canisii
631 3238 788 3269 Epistulae
807 3240 837 3263 et
858 3240 939 3263 Acta.
969 3239 989 3262 1.
1541 3236 1585 3267 30
