2113 3430
780 200 835 235 28.
861 200 1045 235 Februarii
1073 200 1175 234 1548.
1772 202 1853 242 267

96 321 281 374 (summa
309 320 400 361 Deo
434 322 611 361 aeterno
644 318 801 372 gloria)
834 332 1017 360 messem
1050 317 1147 360 istic
1179 317 1434 359 foecundam
1467 317 1732 370 praeparari,
1765 332 1856 359 mo-

95 385 186 427 ueri
220 383 502 438 complurium
542 384 672 425 corda
713 384 964 434 salubriter,
1007 382 1157 435 augeri
1200 381 1496 424 confitentium
1534 382 1856 424 adolescentum

94 463 340 499 numerum,
384 451 428 491 et
469 448 596 490 solito
637 448 843 490 maiorem
885 448 1063 490 aliorum
1108 461 1213 500 erga
1244 460 1323 488 vos
1363 446 1708 489 beneuolentiam
1747 461 1853 489 esse.

94 514 247 567 Neque
278 516 449 556 tantum
491 513 543 554 de
575 512 727 555 alienis
759 513 983 554 scribendo
1017 512 1169 565 agitis,
1214 525 1365 552 verum
1398 514 1442 553 et
1473 511 1555 564 ipsi
1587 514 1782 553 vestrum
1814 511 1856 553 in

93 579 248 633 spiritu
269 578 512 632 profectum
535 578 781 628 declaratis,
816 578 915 619 dum
937 592 1048 619 nouo
1081 577 1223 619 studio
1257 590 1366 629 quae
1398 576 1482 617 iam
1507 576 1607 617 olim
1634 576 1856 618 aedidistis

93 643 294 686 societati
325 646 500 685 nostrae
531 646 657 693 vota,
706 645 749 684 et
782 643 1061 696 comprobare
1093 645 1137 684 et
1169 642 1250 683 huc
1282 641 1581 684 transmittere
1613 640 1812 683 voluistis
1827 643 1854 684 1.

92 709 268 761 Augeat
298 707 432 761 igitur
463 708 575 760 quod
618 708 662 749 in
696 707 816 749 vobis
856 707 943 748 iam
985 707 1146 761 coepit,
1189 706 1302 748 idem
1343 705 1856 747 misericordiarum

92 773 303 827 pater2,
338 773 549 815 diffundat
589 773 733 814 lumen
766 786 911 822 suum,
954 772 1118 814 inserat
1150 771 1377 813 charitatis
1409 771 1625 812 feruorem
1658 770 1856 812 cordibus

92 837 275 888 nostris,
316 839 366 880 Vt
406 851 491 879 non
531 837 657 878 modo
698 839 877 878 sanctae
910 836 1149 879 vocationis
1190 836 1316 878 huius
1357 835 1494 877 offitia
1532 849 1853 888 cognoscamus,

92 916 243 944 verum
266 902 395 945 etiam
419 901 570 956 agnita
591 901 826 943 fortissime
859 902 1163 955 compleamus,
1199 904 1243 944 et
1273 902 1402 943 finem
1434 900 1526 954 spei
1547 902 1724 942 nostrae
1747 900 1856 942 citra

92 981 283 1009 errorem
316 969 446 1020 atque
478 967 715 1021 periculum
748 965 1031 1008 obtineamus.

210 1031 387 1074 Interim
430 1032 543 1085 quod
584 1031 743 1085 optime
786 1030 956 1080 facitis,
1003 1031 1323 1080 accedentium,
1369 1045 1419 1072 ac
1461 1044 1538 1072 vos
1578 1029 1855 1072 inuisentium

93 1097 418 1139 adolescentum
450 1095 663 1138 rationem
696 1095 889 1137 sedulam
931 1095 1168 1145 habebitis,
1212 1110 1238 1137 a
1269 1096 1426 1137 mundo
1460 1096 1514 1137 ad
1546 1094 1852 1144 CHRISTVM,

92 1176 118 1203 a
151 1175 280 1203 carne
312 1161 366 1203 ad
398 1161 596 1215 spiritum
629 1174 702 1202 eos
734 1160 980 1201 adducetis:
1015 1160 1266 1210 confitendi,
1302 1159 1654 1210 communicandi,
1690 1159 1852 1210 orandi,

92 1226 353 1277 meditandi,
399 1225 598 1280 plorandi
638 1228 836 1267 sanctum
876 1224 961 1266 illis
1002 1239 1128 1266 Vsum
1169 1239 1443 1278 amoremque
1486 1224 1853 1274 commendabitis,

92 1291 230 1333 zelum
252 1291 492 1332 animarum
525 1293 568 1332 et
599 1289 880 1344 perfectionis
902 1289 1091 1331 studium
1125 1291 1356 1332 eorundem
1389 1290 1542 1332 animis
1574 1289 1853 1339 instillabitis,

92 1356 147 1397 ad
178 1355 427 1398 Aristotelis
468 1354 696 1396 lectionem
738 1354 867 1396 etiam
910 1360 1204 1408 repugnantes
1246 1355 1590 1409 prouocabitis3,
1632 1354 1675 1395 in
1709 1354 1854 1408 dispu-

90 1420 212 1462 tandi
243 1421 416 1462 feruore
449 1419 776 1470 confirmabitis,
810 1434 961 1461 verum
993 1420 1233 1462 studiorum
1265 1434 1441 1474 scopum
1475 1423 1519 1462 et
1550 1420 1738 1461 fructum
1770 1419 1855 1461 illis

92 1486 147 1527 ad
190 1485 447 1527 charitatem
490 1485 613 1526 vnioe
666 1484 877 1526 referetis.
957 1484 1077 1534 Quod
1127 1484 1163 1526 si
1207 1485 1277 1527 vel
1317 1485 1391 1526 vni
1433 1485 1661 1538 quicquam
1701 1484 1853 1525 horum

92 1550 345 1604 persuaderi
378 1565 403 1592 a
435 1550 557 1592 vobis
589 1552 760 1604 posset,
802 1564 887 1591 non
919 1549 1066 1599 video,
1110 1564 1185 1591 cur
1225 1551 1277 1591 ob
1310 1550 1353 1591 id
1385 1550 1523 1591 solum
1554 1564 1639 1591 non
1670 1549 1855 1591 libenter

91 1615 227 1657 vitam
261 1629 429 1657 omnem
460 1615 558 1657 istic
589 1614 834 1667 transigere
866 1617 914 1657 vt
946 1614 1176 1668 plurimum
1199 1614 1531 1668 desyderaretis.
1582 1615 1697 1656 Nam
1729 1613 1854 1655 vnius

91 1680 259 1722 animae
281 1680 486 1734 prodesse
509 1682 553 1721 et
575 1682 693 1721 recte
716 1680 939 1721 consulere
960 1694 1100 1733 posse,
1134 1679 1268 1722 totius
1300 1680 1443 1721 mundi
1468 1679 1653 1733 pretium
1676 1682 1854 1732 superat

90 1745 134 1786 in
166 1745 433 1788 immensum.
481 1745 634 1798 Neque
666 1747 837 1787 tantum
861 1744 1086 1787 charitatis
1119 1748 1197 1795 est,
1234 1744 1433 1798 quicquid
1465 1745 1625 1786 laboris
1657 1744 1854 1785 iuuandis

91 1810 188 1864 alijs
219 1810 410 1852 tribuere
443 1810 605 1860 soletis,
639 1824 791 1852 verum
824 1809 955 1852 etiam
988 1812 1037 1852 vt
1070 1810 1290 1864 duplicata
1322 1810 1408 1852 sint
1430 1810 1588 1851 vestris
1614 1809 1852 1851 benefactis

91 1875 297 1929 praemia,
332 1875 444 1928 quod
471 1874 722 1917 charitas
756 1874 908 1916 aedis
916 1875 1070 1925 icat4,
1106 1878 1232 1917 ornat
1255 1875 1380 1916 simul
1404 1878 1447 1917 et
1468 1876 1613 1916 firmat
1636 1877 1853 1927 augetque

90 1940 213 1982 vobis
254 1943 406 1982 sancta
446 1939 703 1982 obedientia.
767 1940 831 1982 De
864 1954 948 1992 qua
990 1940 1281 1994 superioribus
1314 1940 1485 1993 quidem
1517 1939 1656 1982 literis
1689 1940 1742 1980 ad
1775 1953 1852 1981 vos

90 2005 442 2059 perscribendum
465 2004 634 2047 curauit
655 2005 935 2046 Reuerendus
957 2005 1089 2047 Pater
1111 2005 1154 2046 in
1173 2005 1340 2047 Christo
1363 2005 1641 2059 Praepositus
1664 2005 1852 2054 noster5‚

89 2070 240 2112 iubens
281 2084 359 2124 per
399 2069 696 2111 charissimum
736 2070 912 2112 Patrem
953 2070 1009 2112 M.
1044 2070 1249 2111 Ioannem
1291 2070 1546 2120 Polancum‚
1590 2084 1668 2112 vos
1710 2069 1853 2123 quiete

89 2135 187 2178 istic
209 2135 344 2177 vitam
369 2135 539 2188 degere,
575 2149 625 2176 ac
658 2134 830 2188 saepius
861 2134 1021 2177 vestris
1055 2135 1106 2176 de
1138 2136 1266 2177 rebus
1298 2135 1380 2176 huc
1407 2135 1556 2176 literas
1579 2135 1694 2177 dare.
1748 2133 1853 2175 Mihi

90 2200 360 2242 commodum
391 2199 550 2242 facturi
582 2213 687 2241 sane
719 2199 942 2250 videmini,
978 2200 1091 2253 quod
1123 2202 1167 2242 et
1199 2200 1478 2253 Praepositus
1510 2199 1577 2241 hic
1610 2203 1758 2242 noster
1790 2199 1853 2240 di-

88 2265 321 2318 gnissimus
348 2265 613 2319 comprobat,
648 2265 684 2306 si
716 2278 1023 2317 nonnunquam
1054 2264 1097 2305 in
1131 2265 1371 2306 exercendo
1405 2265 1503 2307 stilo
1535 2267 1729 2306 vestrum
1762 2267 1853 2306 stu-

89 2329 205 2371 dium
228 2330 475 2380 collocetur,
509 2329 766 2383 praesertim
800 2330 854 2371 ad
882 2330 1163 2383 epistolarum
1187 2329 1402 2371 Ciceronis
1434 2329 1731 2372 imitationem.
1785 2328 1853 2370 Ita

88 2394 140 2437 D.
173 2394 397 2436 Cornelioss
429 2394 585 2437 accidit
617 2394 869 2436 charissimo
903 2394 1031 2436 fratri
1062 2397 1224 2445 nostro,
1260 2397 1307 2436 vt
1340 2399 1383 2437 et
1415 2394 1506 2448 ipse
1539 2394 1593 2435 ad
1628 2394 1852 2435 Gramma-

215 2551 224 2569 ¹
247 2549 300 2582 De
325 2548 393 2583 hac
425 2550 675 2591 „renovatione
702 2551 885 2583 votorum“
916 2550 998 2583 vide
1025 2562 1133 2594 supra
1160 2562 1192 2594 p.
1221 2550 1314 2583 ‘232³
1340 2553 1376 2583 et
1402 2550 1495 2583 infra
1521 2561 1674 2582 monum.
1703 2548 1734 2582 3.

211 2602 223 2621 2
250 2601 270 2634 2
298 2600 375 2635 Cor.
405 2602 435 2643 1,
462 2602 494 2635 3.

210 2655 222 2673 ³
249 2656 284 2688 S.
312 2656 474 2697 Iynatzssus·
499 2654 534 2688 in
554 2654 877 2689 Constitutionibus
904 2655 1112 2690 Societatis:
1145 2655 1216 2697 „En
1243 2656 1277 2690 la
1296 2656 1438 2699 Logica,
1464 2668 1487 2700 y
1515 2656 1683 2689 Filosofia
1701 2654 1852 2688 Natural

88 2719 113 2752 y
138 2707 272 2747 Moral,
299 2719 324 2751 y
350 2707 572 2748 Metafisica,
598 2708 761 2751 seguirse
787 2708 833 2742 ha
859 2708 893 2742 la
919 2709 1081 2742 doctrina
1108 2709 1149 2742 de
1175 2709 1409 2743 A1·ist‹'›teles“
1444 2708 1497 2752 (P.
1525 2710 1566 2749 4,
1593 2720 1622 2742 0,
1652 2708 1713 2748 14,
1740 2719 1773 2741 n.
1801 2707 1851 2751 3).

88 2761 130 2794 In
167 2760 287 2794 verbis
331 2760 645 2802 „constitutionum
675 2760 884 2795 Societatis“
928 2761 1099 2806 ponendis
1137 2774 1205 2795 11011
1244 2762 1431 2805 vulgatam
1468 2761 1668 2795 versionem
1702 2761 1850 2794 latinam

92 2813 323 2857 (quamquam
350 2813 439 2847 haec
465 2813 500 2846 in
528 2812 706 2847 societate
733 2814 805 2847 vim
832 2814 923 2858 legis
949 2814 1086 2857 habet),
1117 2815 1179 2848 sed
1208 2814 1240 2848 S.
1270 2815 1399 2857 Ignatii
1432 2814 1731 2859 „autographunff
1763 2814 1849 2847 illud

89 2865 314 2911 hispanicum
349 2866 407 2900 hic
434 2868 469 2900 et
494 2878 636 2910 semper
661 2866 863 2910 sequimur,
901 2867 993 2911 quod
1020 2879 1113 2900 nunc
1140 2879 1280 2911 quoque
1316 2869 1456 2908 exstat,
1493 2867 1656 2911 quodque
1690 2879 1721 2901 a.
1752 2868 1852 2910 1606,

90 2918 237 2953 Claudio
263 2919 455 2963 Aquaviva
491 2919 692 2964 praeposito
728 2920 907 2961 generali,
946 2919 1080 2953 Romae
1116 2922 1151 2953 et
1187 2932 1217 2954 a.
1248 2920 1337 2954 1892
1365 2932 1383 2954 a
1411 2920 1450 2953 R.
1479 2920 1518 2954 P.
1545 2920 1675 2954 Ioanne
1702 2919 1852 2964 losepho

91 2972 134 3006 de
159 2971 194 3006 la
220 2972 329 3006 Torre
355 2972 501 3006 Madriti
528 2972 626 3017 typis
653 2972 873 3016 exscriptum
901 2975 956 3006 est
982 2984 1061 3006 cum
1088 2972 1154 3006 1100
1179 2973 1303 3007 titulo:
1336 2972 1637 3015 „Constitutiones
1663 2973 1852 3007 Societatis

92 3025 178 3059 Jesu
204 3025 338 3059 latinae
365 3027 401 3059 et
426 3025 633 3070 hispanicae
660 3036 738 3058 cum
767 3036 889 3058 earum
926 3025 1258 3059 declarMionibusf
1317 3025 1629 3070 „Aut0g1·aphum“
1670 3026 1757 3060 illud
1795 3026 1852 3059 de-

90 3078 259 3112 scribitur
291 3077 422 3112 ibidem
456 3090 490 3122 p.
518 3077 712 3111 Vlll—lX.
747 3077 978 3112 XIII—XIV.
1023 3078 1171 3112 Latinae
1208 3079 1481 3114 constitutiones
1517 3082 1575 3113 sat
1609 3081 1713 3113 notae
1748 3080 1850 3112 sunt:

90 3131 256 3174 ignatius
283 3133 425 3165 tantum
451 3131 656 3175 hispanicas
683 3130 837 3175 scripsit.

210 3185 223 3203 4
251 3184 267 3217 1
297 3183 374 3218 Cor.
402 3184 434 3224 8,
463 3184 493 3218 1.
639 3184 651 3203 ⁵
677 3183 850 3227 ignatius.
1000 3184 1012 3203 ⁰
1038 3184 1251 3218 Vishavaeo.
