2113 3430
208 193 290 232 (554
522 189 680 223 Monum.
731 191 762 223 15.
792 189 998 234 (Appendix
1023 202 1177 226 monum.
1205 197 1364 237 mogunt.
1396 196 1656 241 1540—1555.)

206 305 327 340 nisius.
355 316 434 338 cum
459 303 493 336 in
519 303 664 348 scriptis
689 304 765 338 suis
785 306 869 339 vota
888 304 948 339 illa
975 305 1078 340 annis
1107 308 1197 343 1540
1215 311 1251 343 et
1272 310 1362 344 1543
1388 311 1485 345 facta
1512 311 1590 356 plus
1609 324 1715 357 quam
1741 315 1853 349 semel
1880 326 1974 350 com—

207 359 385 395 memoret,
413 357 570 400 itemque
594 359 677 391 vota
704 357 891 392 sollemnia
918 370 1010 393 anno
1040 361 1128 394 1549
1155 364 1361 407 nuncupata
1378 364 1397 404 ¹,
1425 363 1560 399 nullam
1587 377 1738 411 usquam
1765 368 1851 402 facit
1877 379 1972 402 men-

204 411 336 444 tionem
363 411 527 443 votorum
555 409 724 451 aliorum,
761 422 851 455 quae
888 412 980 445 inter
1015 424 1127 447 annos
1156 414 1245 448 1543
1272 417 1308 449 et
1336 416 1425 450 1549
1458 417 1617 453 ediderit.
1668 421 1722 454 Ac
1747 420 1781 455 S.
1809 420 1973 465 ignatius

206 465 239 497 in
267 462 583 497 constitutionibus
609 463 751 507 quidem
777 465 852 498 suis
878 465 1072 510 praecepit.
1099 469 1140 501 ut
1158 478 1280 502 omnes
1305 467 1447 503 biennio
1472 470 1626 506 tirocinii
1651 473 1752 507 finito
1778 476 1864 508 vota
1890 474 1972 508 sim-

205 516 310 561 plicia
336 516 572 561 paupertatis,
600 517 780 551 castitatis
807 520 843 552 et
868 518 1124 561 oboedientiae,
1153 532 1266 565 eaque
1293 533 1337 556 ex
1363 522 1523 567 ipsorum
1541 526 1643 569 parte
1668 529 1854 571 perpetua,
1880 528 1973 561 faee—

204 571 302 605 rent.
339 580 380 603 ac
406 569 460 602 bis
486 569 640 612 singulis
667 570 788 611 annis,
825 571 937 605 donec
964 572 1007 606 ad
1035 576 1120 607 vota
1145 574 1333 609 sollemnia
1364 577 1425 609 aut
1461 576 1587 611 ultima
1619 579 1862 614 coadiutorum
1895 592 1972 625 per-

206 623 401 662 venissent,
428 623 551 656 eadem
578 625 831 661 1·enovareut.‘-‘.
860 625 1011 659 formula
1039 626 1145 660 etiam
1173 627 1391 672 simplicium
1416 629 1542 663 horum
1562 633 1723 666 votorum
1751 633 1934 678 proposita
1949 634 1972 667 ³.

206 676 254 709 At
280 676 553 710 constitutiones
580 676 613 710 S.
641 676 773 720 Ignatii
800 678 1019 722 promulgari
1046 692 1116 713 non
1143 682 1227 714 sunt
1254 684 1401 726 coeptae
1428 685 1511 716 ante
1538 695 1669 718 annum
1698 686 1806 727 1552,
1843 698 1911 731 quo
1938 686 1973 720 in

206 728 362 763 Siciliam
390 729 543 773 primum
562 729 683 764 illatae
702 733 786 765 sunt
800 733 831 771 4;
859 734 895 765 et
913 732 986 766 vim
1006 732 1106 776 legis,
1135 734 1211 778 ipso
1230 734 1370 777 Ignatio
1389 735 1441 769 sic
1467 736 1688 781 disponente,
1714 750 1805 773 anno
1831 740 1972 774 demum

208 782 299 816 1558
326 783 520 822 obtinuere,
547 794 616 827 quo
643 795 663 817 a
690 784 804 828 prima
831 785 964 819 ordinis
991 787 1271 831 congregatione
1298 788 1468 831 generali,
1500 792 1581 834 post
1607 791 1798 826 conditoris
1823 795 1973 827 mortem

206 835 346 876 habita,
383 836 600 881 approbatae
627 840 710 871 sunt
725 838 748 872 3.
800 838 923 882 Neque
949 841 1069 873 tamen
1097 840 1251 875 dubitari
1278 843 1415 886 potest,
1443 843 1526 886 quin
1554 842 1738 881 Canisius.
1765 845 1889 879 docilis
1915 845 1974 879 ille

207 889 339 932 ignatii
375 889 542 933 Petrique
570 890 674 924 Fabri
711 891 926 936 discipulus,
968 895 1051 926 vota
1087 893 1167 934 illa,
1207 894 1335 938 quibus
1371 895 1579 940 Moguntiae
1616 897 1770 941 primum
1805 897 1973 933 Societati

206 954 333 976 nomen
361 943 524 984 dederat,
558 944 702 988 saepius
728 945 920 985 renovarit,
948 946 1025 980 sive
1052 947 1192 981 omnino
1219 947 1389 992 privatim
1416 948 1493 984 sive
1520 951 1754 985 communiter
1780 963 1860 985 cum
1883 951 1974 988 aliis.

207 996 266 1039 qui
294 995 470 1030 similibus
497 997 590 1030 votis
617 1009 655 1031 se
681 998 987 1033 adst1·inxerant⁶.
1033 999 1124 1034 Nam
1152 1003 1186 1034 et
1213 1001 1376 1045 Ignatius
1403 1014 1483 1036 cum
1510 1003 1616 1037 sociis
1642 1004 1757 1049 prima
1783 1004 1845 1038 illa
1878 1006 1973 1043 vota,

207 1060 298 1092 quae
334 1061 424 1083 auno
455 1051 544 1084 1534
573 1050 718 1085 Parisiis
755 1051 789 1085 in
815 1055 935 1086 monte
962 1053 1163 1098 Martyrum
1199 1058 1487 1100 nuncupaverat,
1524 1056 1660 1091 duobus
1687 1057 1790 1091 annis
1815 1057 1975 1102 proxime

207 1148 364 1183 eorum'‘.
415 1149 455 1182 In
483 1149 696 1193 *catalog-0,
725 1161 829 1193 quem
857 1150 1047 1194 collegium
1075 1152 1109 1187 S.
1137 1154 1169 1187 J.
1197 1153 1480 1197 ingolstadiense
1507 1166 1598 1189 anno
1627 1156 1717 1189 1564
1745 1157 1807 1189 aut
1833 1167 1901 1189 uno
1929 1167 1974 1189 ex

206 1202 439 1246 sequentibus
475 1203 577 1236 annis
604 1203 751 1237 Romam
787 1203 831 1237 ad
864 1206 1107 1250 praepositum
1143 1207 1349 1250 generalem
1376 1207 1494 1247 misit,
1530 1208 1572 1242 de
1599 1208 1638 1242 P.
1666 1208 1883 1242 Theodorico
1911 1209 1975 1242 Ca-

206 1255 297 1289 nisio
324 1255 472 1289 dicitur:
505 1256 739 1297 ,Societatem
767 1257 951 1300 ingressus
979 1261 1034 1293 est
1052 1259 1220 1294 Coloniae
1247 1261 1506 1306 (1109).111ἑ111;1].
1542 1263 1645 1295 Anno
1674 1262 1763 1296 1554
1790 1264 1825 1296 et
1852 1261 1973 1296 eodem

207 1309 263 1342 die
298 1311 381 1343 uota
408 1308 711 1344 Scholasticorum
747 1311 850 1345 fecit“
894 1311 994 1355 (Cod.
1032 1312 1172 1354 „Germ
1201 1313 1284 1358 Sup.
1313 1314 1388 1348 Cat.
1419 1314 1519 1349 1566.
1550 1316 1670 1350 1599.“
1701 1315 1726 1350 f.
1753 1314 1871 1358 373³).
1922 1315 1974 1349 Ac

207 1365 293 1396 tunc
319 1362 519 1407 complures
546 1363 651 1408 paulo
687 1366 768 1409 post
794 1364 994 1408 ingressum
1023 1368 1107 1400 vota
1137 1367 1378 1408 „devotionis“
1409 1368 1608 1410 faciebant,
1645 1380 1754 1412 quae,
1785 1368 1974 1402 verborum

208 1415 470 1458 significatione
497 1416 721 1460 aliquantum
748 1418 976 1462 amplificata,
1005 1422 1088 1453 vota
1115 1420 1449 1461 ,seholasticorum“
1482 1421 1549 1455 dici
1577 1424 1760 1466 poterant:
1787 1421 1975 1456 Reinerius

209 1481 241 1502 v.
270 1480 303 1511 g.
332 1469 535 1509 Fabricius,
571 1470 780 1508 leodiensis,
816 1473 848 1505 4.
876 1472 967 1506 Iunii
997 1474 1086 1507 1559
1114 1473 1329 1508 Societatem
1356 1475 1437 1508 Iesu
1471 1475 1657 1519 ingressus
1692 1477 1747 1509 est
1781 1477 1817 1509 et
1855 1475 1974 1517 ,vouit

209 1522 330 1555 eodem
358 1524 518 1567 tempore
545 1524 687 1558 statim⁴‘
721 1524 753 1567 (*
768 1525 962 1569 Catalogus
989 1526 1131 1570 collegii
1155 1527 1187 1561 S.
1208 1528 1240 1561 J.
1268 1528 1502 1569 monacensis,
1530 1529 1679 1563 Romam
1705 1528 1837 1563 missus
1866 1529 1895 1563 1.
1923 1528 1974 1562 Ia-

209 1575 322 1609 nuarii
353 1576 452 1616 1565,
481 1576 501 1610 l.
531 1589 559 1611 c.
588 1578 611 1611 f.
633 1578 760 1621 3761‘):
788 1579 988 1613 Richardus
1015 1579 1234 1623 Flemingus,
1261 1580 1441 1619 hibernus.
1468 1593 1590 1616 mense
1616 1582 1747 1616 Martio
1773 1582 1856 1616 anni
1885 1582 1974 1615 1563

211 1628 355 1662 Lovanii
384 1629 599 1664 Societatem
635 1631 839 1675 ingressus,
876 1633 931 1666 24.
960 1633 1049 1667 Iunii
1080 1634 1168 1668 1563
1196 1634 1329 1668 Romae
1356 1638 1439 1668 vota
1475 1635 1697 1680 nuncupavit
1735 1635 1768 1679 (*
1781 1634 1976 1678 Catalogus

207 1681 348 1725 collegii
377 1683 560 1726 dilingani,
587 1684 734 1718 Romam
763 1686 895 1720 missus
923 1687 952 1720 1.
981 1686 1195 1721 Novembris
1222 1688 1322 1729 1567,
1349 1688 1371 1722 1.
1391 1700 1420 1722 e..
1448 1688 1471 1722 f.
1492 1688 1618 1732 382³);
1645 1688 1775 1722 Petrus
1801 1687 1974 1724 Hernath.

207 1735 411 1779 hungarus,
448 1737 503 1770 26.
532 1737 751 1783 Septembris
780 1740 869 1774 1558
906 1752 983 1774 eam
1021 1741 1225 1784 ingressus,
1264 1742 1318 1776 26.
1347 1741 1511 1776 Octobris
1548 1742 1706 1776 eiusdem
1733 1741 1816 1776 anni
1842 1742 1976 1776 Romae

208 1791 291 1822 vota
319 1789 405 1824 fecit
442 1790 475 1834 (*
488 1791 682 1834 Catalogus
709 1793 931 1836 dilinganus,
968 1795 995 1828 1.
1025 1794 1180 1828 Ianuarii
1209 1795 1298 1829 1565
1335 1795 1483 1829 Romam
1510 1795 1659 1835 missus,
1687 1795 1710 1829 l.
1738 1807 1765 1829 c.
1793 1796 1818 1829 f.
1845 1795 1913 1828 375
1924 1794 1974 1838 a):

208 1842 364 1876 Thomas
392 1843 537 1880 Gallus.
566 1845 834 1889 fridbergensis.
874 1859 964 1880 anuo
994 1848 1084 1881 1560
1111 1848 1244 1882 Romae
1271 1848 1474 1892 ingressus,
1507 1849 1538 1883 6.
1566 1848 1722 1882 Ianuarii
1751 1848 1837 1882 1561
1872 1850 1973 1889 „vota

208 1895 523 1930 scholasticorum
555 1899 665 1933 edidit
703 1900 734 1943 (*
747 1900 942 1943 Catalogus
969 1901 1190 1944 dilinganus,
1220 1902 1273 1935 31.
1302 1901 1510 1935 Decembris
1539 1902 1629 1936 1566
1656 1902 1804 1935 Romam
1831 1901 1975 1939 missus,

210 1948 231 1982 l.
259 1960 288 1982 c.
316 1951 338 1983 t'.
366 1949 483 1993 402³).
525 1951 691 1986 Ceterum
718 1965 750 1986 v.
779 1965 887 1998 supra
913 1966 945 1998 p.
974 1955 1041 1988 653
1053 1955 1074 1988 3.
1225 1957 1233 1975 ¹
1260 1955 1303 1989 Y.
1331 1967 1439 2000 supra
1466 1967 1498 2000 p.
1527 1955 1557 1989 9.
1588 1956 1641 1989 15.
1669 1955 1724 1989 39.
1751 1955 1806 1988 42.
1834 1955 1890 1988 44.
1918 1955 1972 1988 56.

329 2003 342 2022 ²
370 2003 432 2037 Ex.
461 2016 489 2037 e.
521 2005 548 2044 1,
576 2017 608 2038 n.
639 2006 692 2039 10.
723 2006 783 2042 1⁶2:
812 2007 849 2040 P.
877 2009 909 2048 4,
937 2019 965 2040 (·.
993 2008 1024 2047 4,
1052 2020 1084 2041 11.
1114 2008 1152 2042 5:
1183 2008 1221 2042 P.
1249 2009 1280 2048 5,
1308 2021 1336 2042 (·.
1364 2010 1394 2048 4,
1422 2020 1455 2042 11.
1483 2009 1513 2042 3.

329 2058 341 2075 ³
368 2056 418 2090 De
445 2058 540 2091 votis
566 2058 766 2093 devotionis
792 2061 912 2104 agitur
938 2061 976 2094 P.
997 2061 1028 2101 3,
1056 2073 1084 2095 c.
1107 2062 1135 2103 1,
1163 2062 1191 2095 T
1211 2064 1277 2095 ete.
1372 2063 1384 2082 ⁴
1415 2063 1636 2095 Orlmzdinns
1654 2061 1676 2095 l.
1697 2074 1725 2095 c.
1746 2061 1768 2095 l.
1790 2061 1843 2100 12,
1862 2073 1895 2094 11.
1917 2062 1972 2094 34.

329 2110 341 2128 3
369 2111 433 2144 on.
452 2112 635 2145 Ine-enei&
650 2112 682 2146 S.
700 2113 744 2149 J..
764 2113 927 2158 Epitome
943 2114 1123 2148 Historiae
1139 2114 1328 2149 Societatis
1345 2116 1423 2149 lesu
1440 2115 1472 2148 ῙΙ
1492 2115 1671 2158 (Gandavi
1690 2114 1808 2157 1853),
1826 2114 1972 2148 17—18.

330 2163 342 2181 ⁰
368 2163 406 2197 P.
434 2165 586 2198 Ioannes
611 2167 652 2198 de
679 2168 831 2201 Polamo
859 2167 890 2201 8.
919 2167 1085 2202 Octobris
1113 2168 1201 2201 1549
1230 2169 1340 2201 Roma
1367 2167 1565 2202 Lovanium
1595 2167 1739 2212 scripsit
1779 2167 1822 2201 ad
1849 2167 1973 2200 Adria-

211 2227 291 2248 uum
328 2216 494 2251 Adriani:
537 2218 633 2259 ,.Non
669 2220 809 2254 omnino
845 2224 1016 2256 consonat
1051 2221 1203 2255 formula
1239 2223 1405 2255 votorum
1440 2221 1675 2266 simplicium“
1715 2221 1749 2254 in
1777 2220 1974 2254 Societate:

211 2269 359 2313 ideoque
386 2282 424 2304 se
451 2271 548 2305 illam
576 2273 718 2307 mittero
744 2274 921 2315 affirmat,
963 2286 1089 2319 ..quam
1115 2275 1166 2309 sic
1193 2275 1380 2320 approbari
1406 2287 1469 2319 pre
1496 2274 1625 2309 ceteris
1650 2274 1786 2308 video.“
1840 2273 1892 2307 Ea
1918 2273 1974 2307 hic

210 2322 384 2357 subicitur
411 2336 453 2357 ex
482 2326 715 2370 *apographo
749 2327 906 2361 eiusdem
942 2329 1133 2373 temporiS,
1176 2341 1193 2362 a
1222 2328 1333 2362 Sociis
1370 2328 1638 2362 lovaniensibus
1673 2327 1717 2361 ad
1753 2326 1974 2360 colonienses

209 2375 337 2417 misso,
374 2377 467 2421 quod
493 2390 586 2412 nunc
613 2381 668 2413 est
694 2380 727 2413 in
756 2381 830 2415 cod.
859 2381 971 2415 colon.
1005 2381 1107 2422 „Litt.
1136 2380 1265 2426 Epistt.
1293 2382 1389 2415 var.“
1420 2381 1444 2415 f.
1473 2381 1527 2415 57.
1580 2381 1618 2414 ln
1645 2380 1751 2420 locis,
1787 2380 1846 2424 qui
1873 2380 1975 2413 uncis

211 2429 458 2470 includuntur,
485 2432 631 2476 scriptio
658 2433 764 2467 nimis
790 2434 940 2468 obscura
968 2434 1182 2469 coniecturis
1208 2434 1412 2479 suppletur,
1451 2437 1559 2477 atque
1585 2434 1692 2467 etiam
1720 2433 1863 2478 ponitur
1902 2444 1973 2474 „ra-

211 2482 383 2516 1100111110ιζ
426 2483 502 2517 loco
530 2486 628 2519 verbi
661 2487 804 2527 „rebi1s“
841 2490 876 2521 et
907 2488 1218 2525 „eonstit11tiones“
1250 2488 1325 2521 loeo
1352 2486 1453 2521 verbi
1483 2486 1766 2528 ,conditionesffi
1802 2486 1853 2520 sic
1881 2486 1971 2520 enim

211 2535 398 2578 legendum
427 2548 505 2571 esse
533 2539 760 2573 manifestum
790 2543 855 2574 cst.
1715 2537 1717 2540 Α

333 2590 501 2631 ,Creator
528 2603 628 2626 mous
655 2596 688 2627 et
716 2593 804 2627 deus
830 2605 929 2627 meus
957 2596 990 2627 et
1019 2596 1120 2638 pater
1147 2594 1363 2639 sempiterne
1391 2606 1456 2637 ego
1485 2606 1527 2627 .n.
1556 2593 1640 2627 licet
1676 2592 1838 2626 omuibus
1868 2592 1972 2625 ratio-

209 2642 313 2676 nibus
340 2654 394 2676 1110
422 2643 542 2678 diuino
569 2648 629 2679 tuo
657 2649 849 2691 conspectu
878 2647 1061 2690 indignum
1080 2647 1221 2681 videam
1248 2648 1362 2681 fretus
1380 2650 1499 2681 tamen
1518 2647 1652 2691 pietate
1671 2658 1713 2680 ac
1730 2645 1971 2679 misericordia

210 2699 271 2730 tua
298 2696 437 2730 infinita
464 2701 499 2731 et
527 2698 699 2743 impulsus
727 2700 790 2733 tibi
817 2700 995 2734 seruiendi
1027 2700 1200 2734 desiderio
1227 2698 1424 2744 pro[mitto]
1455 2712 1495 2733 ac
1522 2711 1634 2733 voueo
1661 2710 1780 2732 coram
1806 2697 1972 2732 sacratis-

209 2750 298 2783 sima
318 2749 466 2793 Virgine
485 2751 598 2785 Maria
622 2754 657 2786 et
676 2753 771 2787 curia
792 2755 854 2787 tua
881 2753 1004 2787 celesti
1024 2752 1220 2797 vni[uersal
1248 2753 1388 2786 diuinae
1407 2752 1588 2787 maiestati
1612 2754 1671 2786 tue
1689 2763 1744 2785 mc
1763 2750 1969 2794 religionem

209 2803 393 2837 societatis
421 2805 507 2838 Jesu
542 2805 784 2849 ingressurum
814 2807 861 2840 ita
891 2808 928 2840 vt
957 2809 1128 2850 quantum
1158 2807 1191 2839 111
1218 2818 1273 2840 1110
1301 2809 1354 2840 est
1379 2806 1491 2839 vitam
1519 2806 1553 2839 111
1579 2817 1620 2839 ea
1646 2806 1818 2849 perpetuo
1845 2804 1969 2847 degam

214 2857 244 2888 iu
273 2868 341 2899 qua
369 2857 540 2891 societate
567 2859 596 2892 si
623 2859 817 2904 1·e[ceptus]
846 2860 945 2893 suero
972 2859 1141 2904 promitto
1167 2861 1416 2903 paupertatem
1444 2859 1649 2893 castitatem
1675 2861 1782 2901 atque
1809 2856 1971 2890 obedien—

212 2909 294 2942 tiam
323 2922 378 2943 me
405 2915 613 2955 perpetuam
641 2912 769 2956 [iuxta]
808 2913 919 2957 ipsius
952 2913 1135 2947 societatis
1172 2913 1446 2946 constitutiones
1478 2913 1715 2945 seruaturum.
1752 2921 1772 2943 a
1798 2912 1859 2943 tua
1885 2920 1969 2951 ergo

214 2962 382 2996 immensa
410 2964 566 2998 bonitate
593 2965 728 3010 astque}
758 2966 945 3000 elementia
974 2978 1035 3010 per
1062 2965 1251 2999 Jesucristi
1278 2965 1489 3008 sanguinem
1512 2966 1593 3009 peto
1620 2962 1829 3008 suppliciter
1846 2963 1886 2995 vt
1905 2961 1970 2995 hoc

212 3014 456 3050 holm-austum
485 3018 517 3051 111
545 3019 688 3053 odorem
724 3019 916 3053 suauitatis
951 3019 1138 3053 admittere
1175 3022 1210 3052 et
1237 3020 1273 3052 vt
1302 3017 1430 3052 dedisti
1466 3017 1509 3051 ad
1536 3017 1600 3050 hoc
1636 3014 1907 3050 desiderandum
1935 3017 1970 3047 et

211 3069 427 3101 offerendum
455 3070 504 3103 sic
533 3072 639 3105 etiam
667 3073 710 3106 ad
738 3073 952 3117 explendum
979 3072 1133 3115 gratiam
1160 3072 1321 3105 conferre
1348 3071 1493 3104 vberem
1519 3069 1708 3113 digneris.“

332 3121 410 3154 Alia
440 3124 588 3158 formula
613 3138 631 3158 a
652 3126 685 3159 S.
709 3126 844 3168 ignatio
873 3126 1052 3170 proposita
1081 3127 1114 3158 et
1142 3124 1362 3169 praescripta
1391 3124 1498 3157 estin
1525 3119 1850 3163 constitutionibus,
1878 3120 1916 3154 P.
1936 3121 1968 3156 5.

213 3187 240 3205 v.
268 3174 300 3208 4.
329 3186 359 3207 11.
387 3176 417 3208 4.
471 3181 567 3216 (311111-
594 3179 796 3212 etiamnunc
824 3178 1022 3211 adhibetur.
