2113 3430
816 189 870 224 16.
896 189 1052 232 Augusti
1080 190 1180 224 1554.
1794 193 1878 233 483

237 304 356 354 Quod
389 304 597 354 scribitis,
631 304 675 346 in
706 304 977 359 praefatione
1008 318 1162 346 nomen
1196 304 1389 347 authoris
1421 305 1519 347 addi
1552 320 1691 360 posse,
1725 320 1803 348 nos
1835 320 1882 348 re

116 370 349 423 diligenter
390 374 620 420 excussa²,
660 372 705 411 et
745 384 841 411 cum
882 368 1147 411 Cancellario
1180 369 1344 421 Regis1
1386 370 1543 412 collata
1584 371 1880 419 iudicavimus,

118 433 464 489 quandoquidem
496 434 621 476 unius
653 434 896 477 authoritas
927 448 1007 476 nec
1039 434 1152 488 apud
1185 447 1346 484 omneS,
1380 448 1459 476 nec
1485 435 1599 489 apud
1622 435 1728 478 istos
1756 449 1882 490 prae-

118 500 243 553 cipue
274 498 387 541 tanti
408 499 529 541 valet
544 497 569 549 b,
603 499 774 541 divinae
796 499 962 552 gloriae
985 501 1029 541 et
1051 498 1265 541 communi
1287 499 1520 541 multorum
1542 499 1721 542 utilitati
1744 501 1882 553 inagis

118 564 284 606 servire
324 577 452 617 posse
494 578 771 618 suppressum
802 568 984 605 nomene
1023 563 1238 614 authoris,
1280 566 1328 606 ut
1359 563 1469 605 liber
1500 578 1550 605 eo
1581 564 1787 606 maiorem
1818 565 1883 606 in-

119 628 270 670 veniat
299 628 440 677 fidem,
476 643 558 682 quo
583 644 607 670 a
629 628 823 683 pluribus
855 631 899 670 et
925 642 993 670 ine
1020 628 1282 671 doctioribus
1304 631 1435 681 atque
1467 627 1884 682 praestantioribusd

118 707 217 736 esse
258 693 527 747 conscriptus
569 696 699 746 atque
741 693 963 735 confectus
1004 693 1222 735 videbitur
1236 694 1264 736 2.
1329 694 1397 735 Ita
1437 693 1637 736 fortassis
1677 696 1720 736 et
1752 694 1885 746 Regis

120 757 293 808 honori,
335 772 389 799 ne
422 772 477 800 ex
509 772 593 800 uno
633 758 821 812 pendere
864 757 1054 807 dicatur,
1099 758 1181 801 erit
1221 761 1496 812 prospectum
1528 758 1680 811 magis.
1744 758 1885 807 Quare

118 837 279 865 novam
312 823 603 865 Cancellarius
644 822 764 864 addit
803 822 1143 876 praefationem,
1186 823 1357 865 nomine
1389 823 1552 876 Regiae
1593 822 1839 865 Maiestatis
1856 825 1883 865 3.

118 888 377 930 Reverendo
410 888 461 930 D.
495 887 647 929 Frusio
680 887 847 940 gratias
879 901 984 940 ago,
1028 887 1141 940 quod
1172 901 1292 929 suam
1335 888 1494 930 addere
1535 902 1759 930 censuram
1801 901 1885 929 non

120 955 354 1006 gravetur,
399 953 510 995 sicut
551 955 595 994 et
632 952 682 994 R.
716 952 763 994 P.
798 951 959 1001 Olavo‚
1002 966 1108 1005 quos
1150 953 1300 994 ambos
1340 952 1385 994 in
1425 953 1593 995 Christo
1634 955 1888 994 reverenter

123 1018 287 1067 salutO,
322 1020 366 1060 et
398 1031 453 1059 ex
485 1017 626 1059 animo
659 1017 765 1059 colo.
829 1016 1085 1058 Reverendo
1117 1017 1163 1059 P.
1197 1017 1371 1071 Laijnez
1402 1018 1587 1072 proprijs
1619 1017 1886 1072 respondebo

123 1082 284 1132 literis,
327 1082 401 1124 sed
434 1096 586 1136 parum
620 1080 925 1123 consolationis
958 1084 1003 1123 et
1034 1081 1125 1135 spei
1166 1081 1324 1123 additis
1366 1083 1418 1124 de
1449 1082 1563 1124 illius
1600 1083 1655 1125 ad
1686 1096 1764 1124 nos
1795 1084 1886 1123 tam

124 1150 357 1201 exoptato,
401 1160 528 1199 quam
561 1149 609 1187 ut
640 1148 864 1200 putamus,
906 1145 1129 1187 fructuoso
1171 1146 1373 1189 adventu.
1438 1147 1578 1196 Quare
1618 1147 1774 1189 iterum
1814 1160 1888 1188 oro

125 1212 332 1254 maiorem
363 1211 407 1253 in
438 1211 632 1261 modum,
675 1213 723 1253 ut
755 1211 791 1252 si
822 1225 901 1264 per
941 1211 1209 1252 occasionem
1242 1211 1374 1253 ullam
1405 1212 1556 1263 liceat,
1591 1212 1642 1254 R.
1676 1212 1722 1254 P.
1756 1212 1889 1254 Prae-

126 1276 293 1330 positus
324 1276 405 1318 hac
426 1290 503 1317 nos
525 1275 671 1328 gratia
703 1275 918 1329 dignetur,
953 1279 997 1318 et
1018 1290 1096 1330 per
1118 1276 1325 1330 optimum
1349 1276 1630 1318 Visitatorem
1661 1276 1890 1318 benedicat

125 1341 357 1394 aliquando
398 1355 483 1383 non
523 1340 645 1382 nobis
684 1342 877 1391 tantum,
921 1341 997 1382 sed
1037 1340 1196 1382 futuris
1238 1340 1368 1383 etiam
1409 1340 1454 1382 in
1485 1340 1643 1383 vicinia
1674 1340 1888 1394 Collegijs,

127 1421 239 1460 quae
270 1406 419 1460 procul
461 1406 588 1448 dubio
621 1405 938 1460 quamprimum
970 1405 1167 1448 foelicem
1208 1405 1366 1447 habere
1406 1419 1683 1460 progressum
1716 1408 1890 1458 queant,

126 1471 165 1513 si
198 1471 267 1512 vel
298 1484 458 1524 paucos
490 1470 572 1512 11110
606 1470 978 1512 transmitteretis

248 1535 323 1577 Cui
362 1535 425 1576 rei
463 1534 615 1576 inditio
657 1549 751 1576 esse
791 1537 938 1589 potest
987 1535 1100 1588 quod
1142 1535 1293 1590 scripsi
1337 1549 1473 1590 nuper
1514 1535 1566 1577 de
1608 1534 1892 1588 Strigoniensi

129 1599 518 1654 Archiepiscopo4,
553 1603 597 1642 et
629 1600 741 1653 quod
772 1602 926 1654 postea
957 1600 1062 1642 mihi
1092 1600 1292 1643 usuvenit
1330 1615 1424 1642 cum
1457 1600 1670 1655 Episcopo
1703 1599 1893 1642 1171011313-

129 1665 312 1708 laviensi
342 1665 387 1706 in
419 1664 606 1715 Slesia5,
641 1679 750 1718 quae
781 1665 964 1718 insignis
995 1666 1214 1720 provintia
1246 1667 1405 1708 multos
1436 1666 1568 1708 habet
1600 1666 1730 1707 duces
1761 1664 1894 1718 Regi-

128 1745 213 1784 que
244 1733 393 1773 nostro
420 1733 515 1772 tota
536 1733 675 1784 paret,
708 1730 822 1771 inter
843 1730 1067 1773 Austriam
1089 1734 1133 1773 et
1155 1731 1389 1773 Saxoniam
1411 1731 1566 1780 media,
1599 1733 1690 1772 tum
1712 1729 1894 1772 finitima

130 1795 348 1845 Poloniae,
382 1795 598 1845 Boemiae,
631 1795 867 1838 Moraviae.
912 1795 995 1837 Hic
1028 1795 1253 1850 episcopus
1286 1798 1330 1838 et
1356 1796 1469 1850 apud
1491 1796 1669 1849 Regem,
1704 1797 1747 1836 et
1780 1794 1894 1848 apud

130 1859 554 1902 Reverendissimum
586 1861 638 1902 D.
671 1860 883 1902 Nuntium
925 1860 1016 1914 egit
1046 1875 1124 1915 per
1153 1862 1367 1914 Legatum
1404 1861 1508 1902 mihi
1550 1860 1848 1902 charissimum
1864 1860 1892 1909 6,

129 1928 344 1979 urgetque
386 1939 560 1967 causam
601 1925 712 1966 hanc
754 1925 1004 1978 diligenter,
1046 1929 1095 1968 ut
1127 1940 1150 1968 e
1182 1926 1344 1968 nostris
1375 1926 1537 1968 habeat
1569 1924 1797 1978 collegium
1829 1924 1894 1966 in-

251 2053 264 2066 3
287 2047 450 2081 discussa
477 2048 579 2091 Pyth.
724 2046 739 2066 ¹³
763 2049 819 2081 est
845 2048 946 2091 Pytlz.

251 2105 261 2119 ⁰
288 2102 323 2134 et
348 2100 541 2134 multorum
568 2100 716 2134 utilitati
743 2100 880 2134 servire
907 2112 1022 2145 posse,
1049 2111 1242 2145 suppresso
1268 2100 1411 2134 nomine
1437 2102 1538 2144 Psylla.

251 2152 265 2172 ‘¹
289 2154 422 2196 Python
451 2154 514 2187 hoc
542 2154 742 2187 vocabulum
771 2159 800 2187 et
827 2155 875 2197 id,
902 2155 996 2198 quod
1022 2156 1204 2197 antecedit,
1233 2156 1369 2187 omittis.

253 2265 262 2284 ¹
289 2264 454 2298 Iacobum
482 2264 604 2297 Ionam
630 2264 832 2307 significat3
859 2264 965 2308 paulo
992 2265 1086 2298 enim
1112 2264 1205 2299 infra
1231 2264 1377 2299 scribit:
1415 2264 1608 2306 ,Quoniam
1634 2276 1719 2298 vero
1745 2264 1781 2298 in
1808 2263 1897 2298 Can-

129 2317 267 2362 cellarij
294 2317 510 2351 mentionem
540 2317 648 2350 incidi
677 2317 733 2360 (D.
761 2317 951 2351 Doctoreni
971 2318 1143 2352 Jacobum
1171 2318 1300 2352 ἶ10110111
1327 2330 1407 2352 011111
1434 2318 1602 2360 vocant)“
1635 2320 1702 2352 etc.
1754 2317 1841 2352 Erat
1868 2318 1897 2351 is

133 2370 452 2405 vicecancellarius
487 2370 626 2404 consilii
662 2370 770 2404 aulici
800 2369 986 2414 (Hofrath)
1026 2373 1133 2415 atque
1169 2371 1277 2405 etiam
1318 2371 1574 2413 ,cancellarius
1605 2371 1762 2405 aulicus*
1797 2371 1897 2411 (Hof-

133 2423 295 2466 kanzler)
324 2423 528 2463 dicebatur,
559 2423 727 2467 quoniam
753 2435 876 2457 verum
906 2423 1159 2458 cancellarium
1186 2424 1282 2458 illius
1310 2424 1449 2458 consilii
1475 2424 1719 2458 Ferdinandus
1747 2424 1827 2457 inde
1855 2424 1897 2457 ab

135 2487 166 2510 a.
197 2475 286 2509 1538
314 2487 383 2509 non
409 2475 564 2510 habebat
593 2476 684 2520 (Alf.
712 2477 836 2510 Hnber
861 2476 883 2510 l.
912 2488 941 2510 0.
970 2475 1030 2516 IV,
1057 2477 1155 2521 213).

255 2529 268 2549 ‘-’
293 2528 432 2573 Reapse
465 2529 660 2563 doctissimi
697 2530 765 2563 viri
791 2529 957 2571 Frusius,
994 2530 1164 2571 Olavius,
1201 2530 1398 2567 Polancus,
1434 2529 1580 2564 Lainius
1607 2530 1809 2569 Canisimn,
1846 2541 1898 2563 re-

136 2581 380 2625 cognoscendo
406 2582 533 2616 saltem
561 2585 596 2616 et
622 2583 841 2626 corrigendo,
869 2583 1092 2617 adiuverant.
1128 2584 1246 2627 Atque
1273 2583 1380 2618 etiam
1408 2583 1672 2617 commentariis
1699 2583 1737 2616 P.
1759 2582 1897 2616 Claudii

137 2635 202 2668 Iaii
229 2646 315 2668 usus
342 2637 430 2668 erat.
481 2635 536 2669 Cf.
562 2647 671 2680 supra
697 2648 729 2680 p.
757 2636 836 2670 416.

256 2688 268 2707 3
295 2687 396 2721 Hanc
422 2687 503 2721 vide
529 2688 634 2729 infra,
660 2700 814 2722 monum.
845 2689 920 2723 100.
1068 2691 1079 2709 ⁴
1108 2689 1159 2723 Cf.
1187 2701 1295 2734 supra
1321 2702 1354 2734 p.
1381 2690 1460 2723 4637.
1487 2690 1567 2722 476.

257 2741 269 2760 ⁵
294 2740 494 2774 Dioecesim
532 2741 845 2775 vratislavienscm
887 2742 1067 2786 (Breslau)
1120 2745 1205 2776 tunc
1245 2743 1393 2785 regebat
1432 2742 1623 2774 Balthasar
1662 2752 1680 2774 a
1720 2740 1899 2774 l’romnitz

140 2793 427 2837 (1539—1562);
456 2793 497 2827 de
516 2805 604 2837 quo:
631 2796 738 2828 Mich.
758 2797 832 2828 Jos.
853 2796 998 2838 Fibeyer
1017 2795 1105 2838 (Das
1128 2796 1162 2829 111
1183 2795 1365 2829 80111031οη
1386 2794 1638 2838 gewaltthiitig
1658 2794 1899 2836 cingerissene

138 2846 386 2887 Lutherthum,
414 2846 445 2880 2.
473 2846 536 2880 Th.
564 2846 730 2889 [Breslau
758 2848 873 2892 17:23]‚
901 2860 933 2892 p.
965 2849 1179 2891 146—219).
1223 2851 1314 2890 Any.
1342 2849 1500 2881 Kos-snm·
1533 2847 1718 2890 [Boin-age
1745 2858 1807 2881 zur
1834 2848 1899 2881 (J‘e-

138 2899 298 2933 schichte
325 2899 386 2933 des
406 2899 590 2933 Bisthums
608 2900 756 2934 Breslau
783 2913 853 2934 von
875 2901 964 2935 1500
992 2901 1045 2934 bis
1067 2903 1166 2939 1655,
1194 2901 1228 2934 111
1253 2901 1407 2941 ,Archiv
1434 2901 1492 2933 fiir
1518 2900 1573 2933 11ἰο
1594 2900 1810 2934 ‹ieschichte
1837 2900 1899 2933 des

139 2952 324 2986 Bisthums
351 2952 518 2986 lli-oslaffl
551 2953 565 2985 I
592 2952 732 2996 [Neisse
762 2953 884 2997 1858]‚
913 2954 1081 2997 78-90).
1134 2955 1215 2987 ι1011.
1245 2956 1388 2996 Sosl'nei·
1425 2952 1659 2996 (Geschichte
1690 2953 1752 2986 der
1778 2953 1900 2987 Refor-

137 3005 273 3039 niation
299 3005 335 3039 in
362 3005 545 3039 Schlesien
574 3005 737 3049 [Breslau
768 3007 870 3050 1887]
897 3019 929 3052 p.
958 3006 1174 3050 374—380).

260 3058 272 3076 ⁶
298 3058 354 3092 Ex
389 3058 543 3103 epistula
580 3059 623 3091 ad
651 3058 798 3092 Hosium
826 3060 929 3099 data,
968 3072 1058 3103 quac
1086 3059 1140 3093 his
1176 3059 1309 3092 litteris
1338 3068 1386 3103 (p.
1413 3058 1497 3102 487)
1537 3059 1752 3096 subicietur.
1790 3060 1899 3093 conici

141 3111 267 3145 merito
293 3114 411 3155 potest
446 3112 489 3145 ab
520 3111 685 3156 episcopo
711 3111 860 3146 missum
896 3124 974 3146 esse
1011 3113 1257 3146 doctissimum
1283 3112 1398 3145 virum
1428 3111 1646 3146 Fridericum
1675 3112 1899 3157 Staphylum.

141 3164 202 3208 qui
228 3164 333 3208 paulo
360 3167 442 3197 ante
470 3176 514 3197 ex
541 3164 812 3198 Lutheranisnio
839 3165 883 3199 ad
911 3165 1122 3198 catholicam
1150 3165 1337 3199 ecclesium
1364 3164 1530 3199 redierat.

1550 3227 1625 3257 31*
