2113 3430
867 162 898 196 5.
925 161 1017 196 Iunii
1045 162 1145 196 1549.
1229 181 1231 183 ·
1805 165 1888 206 295

127 282 345 324 ferrentur
376 279 577 330 solennis,
615 278 1002 331 honestissimaque
1036 278 1185 321 habita
1219 281 1286 320 est
1319 293 1490 333 pompa,
1524 279 1658 322 totius
1693 280 1891 323 Ciuitatis

127 345 309 388 Ordines
342 339 648 394 conuenerunt,
682 335 971 397 praecedebat
1001 358 1096 385 cum
1129 343 1352 385 Canonicis
1385 343 1675 398 Episcopusl,
1711 345 1890 387 comita-

127 412 286 453 bantur
306 408 559 451 nobilissimi
582 409 727 457 Ciues;
762 422 885 449 suum
908 408 1115 450 tenebant
1137 409 1290 459 locum,
1315 407 1565 462 amplissimi
1590 409 1888 463 Magistratus

126 476 330 525 Quatuor,
364 477 412 515 vt
435 473 626 523 dicimus,
659 473 878 523 Ordinum,
914 476 957 515 et
979 473 1181 515 Fratrum
1205 473 1384 515 aliorum
1408 473 1672 516 Sodalitates
1695 475 1890 525 aderant,

126 539 409 582 concinebant
440 538 614 589 Musici,
658 538 919 590 clangebant
959 538 1112 588 tubae,
1156 538 1519 581 Scholasticorum
1561 539 1673 580 cerei
1706 540 1891 581 colluce-

126 605 230 647 bant
248 605 276 646 2.
352 603 529 645 Adhaec
577 603 711 645 sacris
755 602 976 656 Capitibus
1023 605 1179 656 parata
1227 607 1322 646 erat
1369 618 1448 645 sua
1496 618 1650 657 capsa,
1701 604 1892 658 pulchris

126 669 330 711 distincta
361 668 633 721 imaginibus,
668 668 796 710 certis
830 670 984 709 ornata
1017 668 1235 719 versibus,
1269 668 1456 721 vndique
1489 683 1593 710 auro
1626 669 1847 721 refulgens
1861 671 1889 712 3.

126 735 234 777 Sunt
265 734 372 775 haec
403 733 547 775 fateor
578 747 662 774 non
694 747 771 786 per
802 746 849 774 se
882 732 1002 781 satis
1036 746 1173 785 neque
1207 733 1261 774 ad
1293 733 1501 787 pietatem
1533 748 1709 787 prorsus
1742 748 1891 775 neces-

125 799 253 849 saria,
288 798 363 840 sed
397 812 506 851 quae
538 800 628 840 tam
661 797 861 850 religiose
893 799 1019 850 gesta
1051 797 1248 848 vidimus,
1282 801 1331 841 vt
1363 799 1433 840 vel
1465 798 1624 852 Impios
1655 799 1892 841 Germanos

126 864 180 906 ad
222 863 431 917 pietatem
473 863 662 916 aliquam
704 862 897 905 excitare
939 862 1172 916 potuerint.
1237 862 1368 912 Quasi
1405 877 1509 905 vero
1543 864 1779 906 Sanctus
1820 863 1892 905 ille

127 929 482 970 Sanctorum4
513 928 671 969 idcirco
706 930 1029 977 contemnatur,
1074 927 1187 979 quod
1218 927 1262 968 in
1295 928 1464 970 Sanctis
1497 928 1586 970 suis
1618 929 1894 982 praedicetur

127 993 405 1047 Martyribus,
441 993 553 1046 quod
584 992 626 1034 in
654 992 862 1034 Diuorum
884 991 1094 1046 Reliquijs
1127 996 1401 1045 agnoscatur,
1436 997 1511 1036 aut
1542 993 1586 1035 in
1618 994 1753 1035 sacris
1785 994 1892 1035 ima-

126 1058 296 1112 ginibus
328 1058 610 1110 intelligatur.
675 1058 768 1110 Ego
800 1057 971 1099 felicem
1008 1071 1112 1099 sane
1145 1071 1314 1111 semper
1347 1058 1566 1100 Coloniam
1598 1059 1761 1112 putaui,
1797 1072 1892 1100 cum

127 1123 384 1165 coelestibus
406 1123 491 1164 illis
513 1122 757 1172 Thesauris,
783 1125 826 1165 et
848 1122 1152 1170 sacratissimis
1173 1122 1424 1176 pignoribus
1447 1123 1623 1166 affluat:
1657 1123 1891 1165 feliciorem

127 1203 229 1230 vero
263 1188 464 1238 dixerim,
498 1188 610 1229 bona
642 1187 679 1228 si
710 1202 789 1229 sua
821 1187 976 1238 norit5,
1010 1190 1060 1230 vt
1092 1187 1236 1229 debito
1270 1188 1387 1230 cultu
1420 1188 1606 1239 scilicet,
1645 1203 1696 1230 ac
1728 1189 1892 1230 maiore

126 1253 263 1295 indies
289 1253 535 1295 reuerentia
558 1252 814 1294 ditissimum
836 1266 993 1306 penum
1016 1252 1312 1305 Reliquiarum
1334 1256 1634 1306 prosequatur,
1668 1255 1892 1306 Deumque

128 1318 187 1360 sic
211 1318 370 1368 laudet,
404 1317 465 1359 sic
494 1320 727 1360 veneretur
758 1317 802 1358 in
835 1317 1006 1360 Sanctis
1038 1317 1140 1367 suis,
1174 1321 1224 1360 vt
1256 1317 1387 1360 etiam
1421 1318 1560 1360 exteri
1592 1319 1671 1360 hoc
1695 1319 1892 1372 exemplo

128 1383 337 1438 pietatem
369 1397 492 1425 suam
524 1385 736 1436 augeant,
778 1382 1003 1436 magisque
1036 1384 1310 1433 confirment,
1345 1386 1421 1425 aut
1453 1386 1571 1425 certe
1605 1383 1774 1436 quidem
1807 1398 1893 1425 non

127 1448 396 1490 imminuant.
460 1448 622 1490 Verum
654 1450 703 1490 vt
744 1447 958 1489 scribendi
998 1449 1127 1489 finem
1167 1448 1346 1499 faciam,
1390 1449 1470 1490 hoc
1502 1463 1633 1490 vnum
1674 1463 1797 1490 meae
1838 1449 1893 1490 ad

128 1528 206 1555 vos
238 1513 390 1556 literae
422 1527 592 1566 semper
623 1513 865 1565 loquentur,
898 1512 979 1554 hoc
1011 1512 1190 1554 subinde
1224 1515 1423 1567 repetent
1445 1514 1691 1555 Venerandi
1724 1513 1891 1563 Patres,

127 1582 177 1621 vt
223 1578 307 1620 mei
352 1577 603 1620 memoriam
647 1577 761 1619 inter
803 1578 1066 1632 precandum
1115 1578 1340 1632 deponatis
1387 1592 1631 1631 nunquam,
1677 1578 1892 1620 Christum

128 1643 307 1685 IESVM
349 1657 403 1684 ex
444 1643 586 1684 animo
627 1657 802 1697 precor,
845 1642 1028 1686 caritate
1069 1657 1147 1684 sua
1184 1657 1262 1685 nos
1294 1643 1494 1697 impleat,
1538 1646 1582 1685 et
1614 1643 1657 1685 in
1688 1643 1893 1686 interiore

128 1708 300 1750 homine
340 1722 647 1761 vsquequaque
688 1708 916 1759 reformet,
959 1722 1012 1750 ne
1054 1707 1353 1750 sanctissimae
1395 1708 1486 1749 eius
1523 1708 1739 1750 voluntati
1772 1708 1893 1761 quid-

129 1788 256 1827 quam
288 1787 598 1827 repugnemus;
633 1773 827 1815 salutant
859 1787 937 1814 vos
968 1773 1011 1814 in
1043 1772 1239 1823 Domino,
1275 1773 1346 1826 qui
1378 1787 1541 1815 mecum
1576 1776 1675 1815 sunt
1702 1773 1891 1824 Fratres,

129 1841 173 1880 et
205 1841 375 1880 vestras
408 1840 620 1892 expetunt
651 1852 813 1892 preces,
877 1838 1119 1889 Messanae,
1155 1840 1193 1880 5.
1227 1838 1358 1892 Junij,
1393 1839 1518 1880 Anno
1555 1840 1680 1881 1550.
1717 1837 1816 1892 [sic]

940 1921 1098 1962 Seruus
1129 1920 1173 1961 in
1206 1920 1374 1962 Christo
1408 1924 1451 1963 et
1482 1920 1595 1961 filius
1627 1923 1775 1962 vester

993 1991 1148 2032 Petrus
1181 1991 1376 2033 Canisius
1408 1991 1720 2044 NouiomaguS.

247 2084 434 2133 Epistulae
459 2085 542 2119 huic
569 2085 767 2119 Crombach
794 2097 924 2119 annum
953 2086 1055 2127 1550,
1082 2086 1134 2119 De
1160 2085 1262 2119 Buck
1290 2086 1377 2119 1551
1407 2085 1609 2130 adscripsit.
1660 2085 1728 2119 Sed
1756 2087 1892 2119 certum

127 2140 183 2172 est
208 2150 299 2172 anno
329 2139 417 2172 1549
451 2138 572 2172 datam
606 2150 695 2173 esse.
747 2138 837 2172 Nam
866 2138 1030 2173 Canisius
1065 2141 1205 2172 aestate
1240 2139 1323 2172 anni
1352 2139 1441 2173 1549
1472 2139 1640 2173 Messana
1666 2138 1832 2172 discessit
1859 2141 1895 2172 et

125 2192 169 2225 ab
204 2191 281 2236 ipso
316 2191 417 2225 initio
452 2192 535 2225 anni
566 2192 654 2226 1550
679 2192 890 2235 Ingolstadii
924 2192 993 2226 fuit
1027 2204 1142 2236 neque
1177 2203 1335 2236 unquam
1361 2192 1564 2226 Messanam
1601 2192 1716 2226 rediit.
1767 2192 1893 2235 ltaque

125 2247 187 2278 aut
213 2246 369 2278 erratum
397 2248 462 2285 est,
489 2247 552 2279 aut
569 2245 820 2279 Messanenses
846 2248 931 2279 tunc
957 2245 1151 2289 (interdum
1170 2245 1314 2289 saltem)
1348 2245 1504 2287 „calculo
1523 2246 1665 2290 pisan&
1689 2245 1892 2283 utebantur,

126 2310 194 2341 quo
221 2309 336 2332 annus
366 2299 455 2332 1550
483 2298 538 2333 25.
566 2298 689 2332 Martii
718 2299 807 2332 1549
833 2298 1081 2343 incipiebatur.

244 2351 342 2385 Haec
377 2350 502 2385 ultima
538 2354 612 2393 est,
649 2363 739 2396 quae
765 2351 918 2385 inveniri
945 2351 1079 2396 potuit,
1116 2351 1357 2386 messanensis
1392 2351 1547 2396 epistula
1574 2351 1717 2386 Canisii.
1768 2351 1891 2384 Mense

126 2403 224 2438 lunio
244 2404 325 2437 anni
346 2403 433 2438 1891
456 2405 629 2448 praefecti
648 2407 683 2439 et
700 2404 937 2439 bibliothecae
956 2405 1180 2439 academicae
1197 2405 1439 2439 messanensis
1459 2407 1494 2439 et
1508 2405 1646 2439 archivi
1661 2403 1892 2449 provincialis

127 2457 284 2491 eiusdem
311 2457 408 2491 urbis
435 2457 562 2491 editori
588 2458 811 2502 scripserunt
836 2469 875 2492 se
901 2458 989 2492 nihil
1016 2458 1228 2503 repperisse,
1255 2458 1349 2502 quod
1377 2458 1557 2492 Canisium
1584 2460 1774 2502 spectaret.

252 2621 260 2639 ¹
288 2618 588 2664 Archiepiscopus
614 2622 692 2653 erat
718 2620 868 2654 Ioannes
895 2619 994 2654 Cibo.
1046 2620 1113 2654 Sed
1141 2632 1185 2653 ex
1213 2620 1386 2654 Chronico
1413 2621 1562 2653 Polanei
1587 2618 1809 2662 intellegitur
1834 2618 1892 2652 1110

130 2683 206 2706 elus
232 2672 407 2706 vicarium
434 2672 641 2715 significari,
668 2672 729 2716 qui
756 2673 944 2717 episcopus
976 2673 1030 2715 „in
1056 2674 1236 2718 partibus*
1268 2673 1378 2707 fuerit
1406 2673 1442 2716 (l.
1471 2686 1499 2707 c.
1528 2673 1552 2713 I,
1580 2673 1677 2715 3157).

249 2726 261 2745 2
287 2726 431 2759 Natalis
457 2724 490 2758 S.
518 2725 657 2768 Ignatio
692 2737 814 2760 mense
841 2726 956 2770 Aprili
986 2727 1075 2760 1549
1110 2726 1235 2760 scribit
1270 2738 1308 2760 se
1344 2726 1466 2760 eodem
1502 2726 1557 2759 die
1592 2727 1674 2769 post
1707 2724 1889 2759 meridiem

128 2790 327 2812 sermonem
346 2778 390 2811 ad
408 2777 577 2822 populum
596 2778 763 2812 habuisse
795 2779 856 2820 „de
882 2779 917 2812 la
942 2780 1156 2813 veneracion
1182 2780 1225 2812 de
1242 2779 1295 2812 los
1313 2781 1468 2819 sanctos,
1495 2778 1665 2812 ‹laindoles
1684 2780 1704 2812 a
1722 2778 1892 2812 entender

129 2843 197 2876 que
232 2843 275 2865 110
312 2831 468 2865 buscaba
495 2833 572 2865 esta
599 2830 794 2876 Compafiia
828 2831 938 2865 haber
970 2832 1141 2866 limosnas
1176 2832 1287 2865 dellos
1322 2844 1385 2876 por
1420 2831 1535 2865 medio
1562 2832 1604 2865 de
1630 2831 1684 2865 las
1710 2831 1891 2875 reliquias,

128 2896 206 2919 mas
232 2896 300 2928 que
326 2885 378 2918 los
405 2884 578 2928 gloriosos
615 2885 758 2918 sanctos
794 2884 919 2918 fuesen
946 2885 1218 2918 reverenciados
1243 2897 1267 2929 y
1295 2885 1481 2925 acatados,
1517 2896 1540 2929 y
1567 2884 1620 2918 los
1646 2884 1785 2929 herejes
1812 2896 1890 2918 con-

129 2938 313 2972 fuiididos*
347 2937 520 2981 (Litterae
548 2937 827 2980 quadriinestres
855 2938 878 2977 I,
909 2937 1123 2980 152—153).

249 2991 261 3011 ³
291 2991 480 3033 „Ornanda
505 2992 696 3024 curaverat
722 3002 763 3023 ea
789 2990 907 3034 capita
933 2992 968 3023 et
991 3002 1121 3032 arcam,
1149 2990 1184 3024 in
1203 3002 1274 3034 qua
1292 2993 1394 3024 erant
1411 2990 1634 3032 includenda,
1662 3002 1890 3034 cummagno

130 3044 256 3078 decore
283 3047 318 3078 et
343 3055 411 3078 non
438 3043 515 3077 sine
541 3046 686 3088 sumptu
714 3043 752 3077 P.
779 3043 985 3085 lgnatius“:
1012 3045 1188 3077 Polam-us
1213 3043 1235 3077 1.
1264 3056 1292 3077 c.
1323 3044 1345 3085 l,
1374 3044 1452 3078 367.
1619 3045 1631 3063 ⁴
1660 3044 1747 3078 Dan.
1776 3046 1805 3085 9,
1834 3044 1889 3078 24.

253 3098 259 3106 '
559 3096 607 3138 ,O
635 3097 836 3130 fortunatos
863 3097 1020 3137 nimium,
1048 3108 1112 3130 sua
1139 3097 1169 3130 si
1195 3097 1286 3131 bona
1312 3097 1440 3138 norint,

554 3149 782 3193 Agricolasl‘*
974 3150 1176 3194 (Veryilizcs,
1204 3150 1404 3194 Georgicon
1431 3150 1452 3184 l.
1481 3151 1512 3192 2,
1540 3163 1572 3185 v.
1600 3151 1815 3194 458—459.)
