2113 3430
207 214 353 243 XXXVI
657 198 718 233 ΙΙΙ.
754 198 980 234 Prooemium
1007 199 1163 245 speciale
1189 200 1295 246 primi
1320 201 1524 237 voluminis.

206 316 483 360 mandaverat,
523 318 567 353 ut
606 314 652 353 de
689 314 810 365 pallio
849 319 889 354 et
931 317 1173 366 .,regalibus“
1213 317 1288 356 sibi
1326 319 1586 358 concedendis
1625 332 1711 358 cum
1749 320 1980 370 proceribus

208 374 286 412 illis
316 377 462 422 ageret.

324 439 442 476 Haud
470 438 632 477 minoris
661 440 847 478 momenti
876 441 1068 490 epistulae
1099 454 1186 480 esse
1217 441 1423 492 videntur,
1461 456 1558 492 quas
1588 444 1768 483 Canisius
1807 457 1841 482 a.
1874 446 1978 483 1549

206 498 254 535 ad
286 499 388 536 1556
418 498 676 547 Ingolstadio,
706 499 873 546 Vienna,
903 500 1034 549 Praga
1064 501 1180 547 dedit,
1212 501 1521 540 contionatorem
1549 503 1629 541 illic
1655 507 1695 542 et
1712 504 1980 553 professorem

205 569 339 605 agens.
388 556 578 607 Copiosus
599 558 699 596 enim
722 562 762 597 et
790 559 957 608 diligens
987 563 1048 598 est
1076 559 1116 598 in
1146 560 1375 598 condicione
1403 561 1684 609 Bavariae,
1713 562 1976 609 Austriae,

205 616 482 654 Bohemiae
512 618 752 655 enarranda:
792 631 866 668 quo
894 619 981 657 loco
1017 619 1155 668 religio
1185 620 1257 666 sit,
1296 623 1465 669 quantus
1503 620 1718 659 officiorum
1757 621 1976 660 divinorum

205 679 244 713 et
272 675 503 714 ieiuniorum
532 677 890 715 ecclesiasticorum
918 679 1135 727 neglectus,
1167 680 1414 717 sacerdotum
1444 682 1483 718 et
1501 680 1772 729 religiosorum
1799 680 1978 719 ordinum

205 738 464 785 contemptus,
496 748 595 785 quae
623 736 663 773 in
694 737 798 775 clero
827 737 1021 784 miseriae,
1052 741 1200 787 quanta
1228 738 1269 776 in
1297 738 1410 777 laicis
1441 739 1576 777 calicis
1596 739 1699 777 sacri
1719 740 1978 789 extorquendi

205 794 358 844 cupido,
389 798 536 844 quanta
564 795 604 833 in
623 795 867 846 principibus
889 797 1094 835 catholicis
1115 798 1301 844 formido3
1332 801 1571 848 quantopere
1591 798 1631 836 in
1651 799 1979 838 universitatibus

203 854 480 902 magistrorum
509 854 629 892 animi
658 855 706 893 ad
735 856 1061 894 lutheranismum
1089 857 1297 906 propensi,
1335 857 1518 896 iuvenum
1556 858 1818 896 studiosorum
1846 872 1979 897 mores

205 913 388 962 corrupti,
419 914 706 952 haereticorum
725 915 815 953 libri
835 915 1026 964 divulgati
1047 915 1138 955 sint.
1177 916 1374 954 Summum
1396 921 1502 955 certe
1528 921 1622 955 tunc
1643 920 1728 955 erat
1746 917 1976 967 periculum,

203 985 252 1009 ne
281 972 373 1010 illae
402 986 553 1022 quoque
585 973 820 1012 Germaniae
851 978 1006 1024 partes,
1047 988 1146 1024 quae
1183 977 1292 1014 solae
1330 976 1413 1014 fere
1442 976 1659 1015 catholicae
1691 982 1976 1023 remanserant,

203 1031 380 1078 Austria,
410 1032 596 1079 Bavaria,
627 1033 788 1072 Rhenus
816 1033 990 1081 inferior,
1021 1036 1070 1073 ab
1100 1035 1269 1073 ecclesia
1299 1036 1521 1074 deficerent.

322 1096 452 1135 Unum
482 1110 532 1135 ex
560 1098 790 1147 praesidiis,
822 1111 920 1148 quae
949 1099 1022 1137 Dei
1050 1099 1299 1149 providentia
1327 1100 1477 1138 labanti
1507 1100 1698 1138 ecclesiae
1727 1100 1979 1149 germanicae

203 1160 297 1194 tunc
327 1156 662 1204 subministravit,
702 1157 945 1196 Societas
977 1159 1095 1196 Iesu
1133 1163 1230 1198 erat.
1286 1159 1506 1198 Voluminis
1544 1159 1659 1197 huius
1699 1159 1890 1209 epistulae
1929 1173 1976 1198 eo

202 1215 287 1265 ipso
307 1218 482 1265 tempore
504 1217 620 1254 datae
641 1220 745 1263 sunt,
775 1230 849 1267 quo
872 1217 1049 1256 Societas
1075 1218 1142 1256 illa
1164 1218 1194 1257 G
1209 1219 1481 1257 ermaniam
1510 1219 1747 1257 intravit.
1786 1219 1976 1257 Videmus

203 1288 289 1313 eam
318 1287 341 1312 a
367 1275 493 1314 Beato
514 1276 632 1314 Petro
658 1276 798 1322 Fabro,
830 1277 987 1315 Canisio
1017 1278 1194 1316 adiutore
1223 1279 1447 1328 praecipuo,
1476 1279 1516 1316 in
1545 1279 1680 1316 urbem
1710 1277 1973 1316 coloniensem

200 1333 421 1380 inductam,
462 1348 485 1372 a
515 1339 655 1374 senatu
683 1335 812 1383 urbis,
850 1336 1078 1375 Hermanno
1107 1337 1285 1376 Wedano
1316 1338 1460 1376 acriter
1497 1338 1733 1387 instigante,
1772 1340 1973 1383 vexatam,

201 1406 382 1442 magnam
412 1394 515 1432 inter
542 1394 714 1445 inopiam
744 1399 783 1434 et
811 1396 955 1434 multas
985 1396 1316 1435 contradictiones
1346 1397 1491 1435 sensim
1522 1397 1715 1435 firmatam
1745 1400 1784 1434 et
1804 1399 1973 1435 auctam.

204 1452 339 1490 Oculis
378 1453 623 1492 subiciuntur
662 1457 771 1493 ortus
811 1458 850 1493 et
886 1455 1000 1505 primi
1037 1469 1272 1505 progressus
1310 1456 1428 1494 trium
1458 1457 1666 1495 Societatis
1705 1455 1973 1504 collegiorum,

201 1525 300 1561 quae
320 1512 481 1550 totidem
503 1513 721 1552 catholicae
740 1515 1042 1553 restaurationis
1063 1519 1199 1553 centra
1219 1516 1326 1553 facta
1346 1519 1456 1554 sunt:
1487 1515 1725 1561 viennensis,
1750 1516 1973 1565 pragensis,

201 1571 533 1620 ingolstadiensis.
589 1573 723 1612 Prima
761 1587 913 1623 quoque
944 1574 1138 1612 cernimus
1177 1575 1327 1613 semina
1362 1575 1525 1613 aliorum
1563 1575 1834 1624 collegiorum,
1873 1587 1975 1624 quae

202 1631 485 1680 posterioribus
507 1632 659 1670 demum
683 1633 923 1683 temporibus
945 1634 1148 1672 condenda
1177 1638 1282 1672 erat:
1313 1634 1577 1684 oenipontani,
1609 1634 1809 1682 dilingani,
1839 1637 1972 1683 tyrna-

203 1689 363 1736 viensis,
394 1692 647 1739 treverensis,
678 1693 1045 1742 braunsbergensis,
1076 1693 1400 1732 molshemiensis.

326 1761 493 1811 Insuper
532 1762 578 1800 ad
618 1775 718 1800 rem
760 1764 1136 1802 scholasticam
1176 1764 1465 1802 Societatis
1502 1764 1619 1802 Iesu
1659 1764 1973 1812 cognoscendam

201 1819 384 1858 volumen
413 1821 488 1858 hoc
516 1821 612 1860 utile
643 1825 713 1860 est.
770 1823 816 1860 In
845 1822 989 1860 litteris
1018 1836 1054 1861 v.
1084 1836 1132 1872 g.,
1163 1836 1259 1872 quas
1290 1823 1470 1862 Canisius
1499 1824 1685 1861 Messana
1717 1824 1775 1861 12.
1800 1823 1969 1871 Augusti

204 1880 304 1916 1548
327 1880 452 1918 Sociis
474 1880 763 1919 coloniensibus
782 1881 902 1928 misit,
931 1882 1164 1929 „lectionum
1185 1883 1411 1931 catalogus“
1436 1882 1593 1932 ponitur
1612 1881 1808 1931 antiquior
1827 1882 1972 1920 ceteris

201 1938 400 1986 omnibus,
440 1940 505 1989 qui
543 1953 566 1978 a
596 1940 807 1979 Societatis
840 1941 1015 1990 collegiis
1044 1941 1085 1979 in
1113 1942 1256 1991 vulgus
1289 1942 1422 1980 emissi
1450 1945 1562 1988 sunt,
1601 1942 1664 1979 vel
1697 1942 1836 1979 saltem
1864 1941 1975 1991 prior

201 1997 400 2045 omnibus,
447 1998 512 2048 qui
558 2012 680 2049 usque
727 2001 802 2038 huc
849 2000 954 2050 typis
1003 2001 1187 2050 descripti
1235 2005 1337 2040 sunt.
1403 2000 1651 2049 Intellegitur
1692 2000 1830 2046 etiam,
1879 2001 1970 2049 quid

202 2056 383 2095 Canisius
413 2058 574 2107 eiusque
604 2059 707 2097 Socii
735 2060 1007 2109 praestiterint
1044 2060 1083 2097 in
1114 2060 1300 2099 Cicerone
1329 2059 1557 2106 rhetoricis,
1595 2060 1811 2098 Aristotele
1848 2059 1972 2108 philo-

201 2116 356 2166 sophis,
390 2117 534 2156 Sancto
565 2118 713 2156 Thoma
742 2120 938 2168 theologis
968 2120 1306 2165 commendandis,
1346 2120 1385 2157 in
1416 2119 1742 2157 declamationum
1774 2122 1813 2156 et
1842 2118 1972 2168 dispu-

200 2175 390 2213 tationum
412 2189 485 2214 usu
505 2177 761 2223 restituendo,
783 2179 1101 2216 adulescentibus
1122 2179 1171 2216 ad
1192 2191 1329 2217 sacrae
1350 2178 1610 2216 confessionis
1631 2181 1669 2216 et
1690 2177 1973 2216 communionis

200 2235 460 2283 frequentiam
493 2236 752 2284 adducendis,
791 2237 1078 2276 haereticorum
1111 2237 1221 2276 libris
1254 2238 1456 2284 arcendis,
1497 2236 1701 2275 catholicis
1732 2236 1842 2274 libris
1874 2235 1971 2274 scri-

201 2294 338 2332 bendis
368 2298 407 2332 et
437 2295 748 2335 disseminandis.
808 2298 934 2346 Atque
963 2297 1152 2346 imprimis
1181 2297 1293 2346 quasi
1323 2297 1446 2335 oculis
1477 2296 1755 2346 conspicimus,
1795 2308 1871 2344 qua
1908 2308 1972 2332 ra-

200 2353 328 2399 tione,
361 2354 500 2403 quibus
530 2356 830 2402 mandantibus,
859 2356 1107 2403 iuvantibus,
1140 2357 1427 2405 corrigentibus
1456 2356 1659 2406 praeclara
1688 2355 1755 2393 illa
1790 2356 1970 2402 „Summa

201 2412 401 2450 doctrinae
431 2413 692 2452 christiana&
728 2415 945 2465 composita
976 2419 1014 2453 et
1042 2415 1148 2465 typis
1179 2415 1380 2465 exscripta
1419 2419 1534 2464 atque
1573 2414 1762 2463 quomodo
1804 2413 1971 2463 primum

202 2476 428 2521 oppugnata
469 2472 531 2511 sit.
597 2475 775 2523 Apparet
817 2474 1015 2513 Canisium
1059 2488 1136 2512 non
1186 2476 1310 2513 solum
1352 2475 1515 2523 collegio
1557 2473 1780 2522 germanico
1822 2473 1972 2510 Romae

200 2535 293 2568 tunc
322 2531 502 2570 instituto
532 2536 739 2582 patronum
770 2547 812 2571 se
841 2534 1090 2583 praebuisse,
1133 2534 1200 2572 sed
1240 2534 1356 2571 etiam
1385 2557 1438 2560 —
1466 2534 1503 2571 id
1533 2533 1632 2582 quod
1662 2545 1786 2581 paene
1815 2532 1969 2580 ignora-

202 2590 317 2627 batur
339 2613 382 2617 —
408 2604 589 2639 magnam
620 2605 777 2641 operam
807 2593 961 2631 dedisse
983 2593 1191 2631 seminario
1212 2593 1423 2642 georgiano
1444 2592 1704 2638 reformando,
1735 2591 1834 2640 quod
1854 2590 1972 2629 hodie

202 2661 350 2697 quoque
380 2650 579 2688 Monachii
608 2654 751 2689 exstat.

319 2719 593 2758 Necessarium
622 2735 700 2759 non
730 2725 791 2759 est
818 2735 975 2760 monere
1005 2722 1198 2771 permulta
1227 2722 1266 2759 in
1295 2722 1356 2759 his
1387 2721 1532 2760 Canisii
1562 2720 1719 2770 scriptis
1750 2732 1967 2764 occurrere,

202 2777 342 2825 quibus
372 2779 667 2817 christiana
697 2780 870 2829 pietas
900 2784 939 2818 et
967 2781 1135 2818 maxime
1164 2781 1371 2829 religiosae
1401 2781 1506 2818 vitae
1546 2793 1655 2818 amor
1693 2783 1731 2817 et
1759 2777 1970 2826 religiosae

203 2836 431 2886 disciplinae
453 2839 621 2876 studium
643 2843 882 2888 augeantur3
914 2840 1101 2889 imprimis
1129 2840 1397 2878 oboedientiae
1420 2840 1605 2878 virtutem
1627 2838 1806 2877 Canisius
1826 2837 1968 2874 iterum

203 2899 318 2944 atque
351 2896 487 2933 iterum
519 2898 744 2946 eloquenter
774 2900 1038 2945 commendat;
1078 2899 1132 2936 nil
1162 2912 1254 2937 vero
1284 2899 1409 2947 magis
1439 2899 1637 2936 sodalibus
1672 2897 1752 2935 suis
1780 2896 1967 2935 inculcat.

203 2967 315 3002 quam
347 2959 388 2992 ut
418 2955 614 2993 Christum
645 2957 809 3005 diligant
838 2961 877 2995 et
906 2958 1117 3003 imitentur,
1148 2957 1187 2995 in
1218 2958 1301 2995 eius
1330 2958 1556 2995 vulneribus
1585 2955 1773 3001 habitent,
1812 2955 1851 2992 in
1881 2955 1966 2992 eius

203 3026 318 3051 cruce
347 3015 570 3062 glorientur.
631 3016 896 3053 Sacratissinli
926 3017 1053 3054 cordis
1084 3018 1173 3054 Iesu
1204 3017 1348 3054 cultum
1381 3018 1455 3053 150
1484 3016 1565 3053 fere
1595 3014 1725 3058 annis,
1756 3017 1966 3062 antequam

222 3074 327 3110 Beata
347 3074 602 3121 Margaretha
622 3074 747 3111 Maria
768 3075 966 3123 Alacoque
989 3089 1072 3113 eum
1094 3088 1313 3125 propagare
1343 3089 1365 3112 a
1386 3074 1541 3113 Christo
1567 3073 1776 3118 iuberetur,
1807 3072 1967 3111 Canisio

203 3136 335 3169 notum
365 3136 479 3181 atquc
511 3146 640 3169 carum
672 3133 793 3170 fuisse
824 3135 1027 3172 cernimus.
1086 3134 1262 3171 Studium
1292 3146 1441 3182 quoque
1470 3132 1585 3178 illud,
1617 3132 1715 3180 quod
1749 3132 1788 3169 in
1819 3132 1966 3169 Sancto

203 3190 357 3239 ignatio
387 3204 576 3229 sunnnum
614 3195 718 3237 erat,
758 3192 990 3240 dignitatum
1029 3192 1385 3230 ecclesiasticarum
1415 3205 1437 3229 a
1468 3191 1663 3230 Societate
1693 3191 1964 3235 arcendarum,
