2113 3430
859 214 890 248 8.
917 213 1003 247 Maii
1032 213 1132 248 1543.
1821 216 1873 257 75

237 330 327 365 Sunt
361 329 467 363 etiam
504 328 539 362 in
574 328 650 363 vita
688 340 708 363 a
743 328 783 362 P.
811 330 935 362 Iacobo
961 329 1083 362 Keller
1109 327 1142 362 S.
1171 328 1204 362 J.
1230 327 1383 372 scripta;
1423 327 1483 371 qui
1518 327 1648 362 asserit
1681 340 1719 362 se
1755 340 1797 363 ea
1831 341 1876 363 ex

119 383 253 420 Canisii
291 383 423 428 „ipsius
456 381 591 416 tabulis
625 382 669 416 ab
704 381 802 416 obitu
837 381 992 416 relictis“
1032 382 1199 415 accurate
1225 381 1460 425 exscripsisse
1472 394 1479 420 ;
1515 393 1549 414 v.
1576 392 1610 424 g.
1638 382 1712 416 cod.
1739 393 1875 416 monac.

122 436 273 480 „Keller,
301 436 385 470 Can.
413 435 453 469 3²
484 434 508 469 f.
535 435 567 468 2.

236 488 323 523 Edd.
350 489 525 532 Rada-us,
553 488 637 522 Can.
665 499 698 532 p.
727 488 876 522 18—19.
911 488 1134 530 Rez'ffenberfs
1159 487 1182 521 l.
1210 498 1239 521 0.
1265 498 1298 532 p.
1318 486 1421 521 8—9.
1457 487 1571 520 Boero
1589 486 1610 521 l.
1631 499 1659 521 0.
1685 499 1716 532 p.
1737 487 1874 522 26-27

121 542 284 587 (italice).
320 543 420 575 Riess
444 541 466 575 l.
494 553 523 575 c.
551 553 583 585 p.
611 540 750 575 33--34
779 540 1026 584 (germanice).
1064 541 1194 583 Seyum
1220 540 1242 574 1.
1270 552 1299 574 0.
1326 551 1359 584 p.
1387 539 1429 573 31
1461 539 1636 583 (gallice).

235 631 335 663 Vocet
368 641 402 662 se
429 630 596 663 Societccta·
621 630 698 662 Iesu
727 629 977 662 oboedientiam
997 630 1259 672 praeste'tzcrmn
1285 632 1316 660 et
1325 654 1336 672 ,
1378 632 1550 671 qztcmtnm
1588 628 1737 661 eiusdem
1768 640 1876 671 prae-

117 684 208 717 sides
231 685 436 725 statuerint,
465 686 714 725 paupertatem
738 686 960 715 servaturum
987 692 1030 714 ac
1056 682 1205 714 Romam
1224 682 1543 724 pereyrt'mctnrum
1569 685 1618 724 et,
1644 682 1675 713 si
1700 682 1737 713 vin
1763 682 1875 715 Socie-

118 742 221 770 tatem
249 746 318 769 non
345 737 553 779 recipiatur,
582 736 619 767 in
644 736 755 768 celiam
783 735 985 777 rele'yionem
1014 736 1266 776 inm-esszwum.

923 834 1074 875 Ihesus

235 907 285 948 In
316 906 485 948 nomine
518 905 676 947 domini
708 919 845 947 amen.
908 906 1034 947 Anno
1070 906 1182 946 1543
1225 905 1292 946 die
1325 904 1606 959 apparitionis
1638 905 1679 947 S.
1714 904 1877 947 Micha-

117 972 195 1014 elis
228 975 304 1015 aut
335 971 378 1013 111
411 975 566 1014 octaua
597 970 723 1024 Maij,
764 984 873 1023 quae
906 969 996 1012 dies
1028 969 1130 1011 mihi
1162 969 1321 1012 natalis
1354 973 1441 1020 est,
1483 969 1677 1012 tribuens
1709 969 1877 1012 initium

118 1037 219 1080 anni
264 1039 318 1079 23
363 1036 522 1079 aetatis
565 1049 712 1086 meae,
761 1038 861 1089 post
904 1038 1121 1077 maturam
1166 1034 1550 1077 deliberationem1
1598 1049 1677 1088 ego
1722 1035 1877 1077 Petrus

118 1102 344 1152 Kanisius,
396 1099 759 1153 Nouiomagensis
809 1113 946 1141 voueo
997 1099 1277 1153 simpliciter2
1316 1100 1431 1141 DEO
1481 1099 1785 1153 omnipotenti,
1827 1101 1874 1142 B.

117 1167 274 1221 virgini
297 1166 462 1209 Mariae
495 1166 549 1208 .S.
574 1164 774 1207 Michaeli
797 1164 1058 1217 archangelo
1087 1167 1130 1207 et
1153 1164 1348 1206 omnibus
1381 1164 1555 1214 sanctis,
1590 1178 1644 1206 ex
1666 1179 1778 1206 nunc
1808 1179 1877 1206 me

117 1232 402 1274 transiturum
434 1231 488 1273 ad
520 1229 806 1272 obedientiam
839 1229 1061 1272 societatis
1095 1243 1205 1282 quae
1238 1229 1393 1272 dicitur
1424 1229 1556 1271 IESV
1579 1229 1817 1272 CHRISTI.

237 1296 442 1339 Similiter
464 1295 632 1338 domino
650 1295 764 1337 DEO
790 1297 834 1337 et
856 1294 1017 1337 sanctis
1040 1294 1101 1336 eis
1121 1293 1208 1349 [ΡΓ
1230 1294 1434 1348 promitto
1456 1294 1639 1337 firmiter
1660 1297 1704 1337 et
1726 1309 1876 1344 voueo‚

118 1362 231 1415 quod
270 1375 347 1415 per
388 1361 574 1402 diuinam
616 1359 804 1413 gratiam
844 1359 975 1401 velim
1016 1359 1147 1402 etiam
1188 1373 1357 1401 exnunc
1399 1360 1614 1402 actualem
1658 1373 1878 1402 assumere

117 1429 442 1481 paupertatem,
487 1425 569 1467 nisi
601 1428 814 1478 quatenus
847 1427 890 1467 et
923 1424 1124 1478 quamdiu
1156 1424 1436 1478 Praepositus
1469 1424 1610 1466 dictae
1642 1424 1876 1475 societatis,

117 1494 193 1534 aut
225 1491 316 1533 eius
355 1492 448 1533 loco
481 1491 538 1534 M.
572 1491 728 1532 Petrus
760 1490 901 1532 Faber
931 1488 1196 1544 impedierit:
1231 1489 1302 1542 qui
1334 1503 1445 1531 nunc
1478 1489 1680 1542 dignatus
1713 1492 1780 1531 est
1810 1503 1878 1531 me

116 1556 160 1598 in
192 1556 520 1611 probationem3
553 1569 656 1597 suae
688 1554 912 1598 societatis
943 1554 1146 1608 recipere.

235 1621 384 1663 Voueo
417 1623 646 1675 praeterea
677 1620 1071 1674 peregrinationem
1102 1619 1330 1662 instituere
1362 1620 1416 1661 ad
1447 1619 1595 1661 limina
1628 1619 1668 1661 S.
1689 1618 1878 1673 Aposto-

117 1687 257 1729 lorum
289 1685 407 1729 Petri
441 1688 484 1729 et
515 1685 640 1727 Pauli
672 1685 856 1736 Romae,
903 1687 947 1727 et
978 1684 1058 1726 hoc
1090 1684 1426 1739 quamprimum,
1461 1684 1497 1726 si
1528 1698 1613 1726 11011
1646 1683 1773 1726 aliter
1805 1684 1878 1726 de-

117 1751 417 1795 terminauerit
457 1751 571 1792 idem
612 1751 669 1793 M.
703 1751 872 1792 Petrus.
936 1749 1056 1799 Quod
1098 1749 1133 1791 si
1173 1749 1216 1790 in
1259 1750 1450 1791 ordinem
1491 1749 1713 1792 societatis
1753 1748 1878 1791 huius

117 1830 185 1858 me
217 1831 302 1858 non
334 1815 552 1870 acceptari
584 1815 830 1869 contingat,
863 1815 961 1857 volo
994 1829 1062 1856 me
1094 1817 1197 1857 tunc
1230 1814 1379 1857 statim
1412 1814 1651 1867 obligatum
1683 1828 1778 1856 esse
1810 1828 1877 1855 se-

119 1882 304 1924 cundum
326 1881 549 1923 consilium
580 1880 770 1935 ipsorum
802 1879 1093 1934 professorum
1125 1879 1168 1921 in
1201 1880 1351 1922 eadem
1383 1879 1605 1930 societate,
1640 1879 1694 1921 ad
1726 1893 1878 1933 accep-

117 1947 297 1990 tandum
337 1946 534 2001 protinus
575 1945 767 1988 ordinem
800 1944 930 1987 alium
963 1945 1250 1999 approbatum
1280 1944 1325 1986 in
1356 1945 1449 1987 vita
1481 1944 1694 1987 communi
1726 1947 1770 1986 et
1802 1958 1878 1998 ap-

117 2012 326 2066 probatae
359 2010 640 2053 obedientiae.

235 2075 380 2129 Atque
412 2075 519 2117 haec
551 2075 694 2117 onmia
735 2075 964 2117 dumtaxat
1003 2076 1182 2129 propter
1212 2074 1418 2117 honorem
1450 2076 1494 2116 et
1525 2088 1715 2116 amorem
1747 2073 1879 2116 IESV

118 2141 345 2183 CHRISTI
378 2140 537 2182 domini
568 2140 728 2190 nostri,
771 2139 923 2182 deinde
963 2139 1090 2181 simul
1122 2140 1177 2182 ad
1215 2140 1420 2182 honorem
1454 2142 1498 2182 et
1529 2139 1753 2182 seruitium
1777 2139 1878 2181 Glo-

117 2206 257 2248 riosae
279 2205 471 2259 Virginis
493 2205 671 2256 Mariae,
705 2205 852 2248 Sancti
876 2219 1044 2258 quoque
1066 2204 1289 2247 Michaelis
1322 2219 1372 2247 ac
1387 2205 1575 2246 omnium
1610 2207 1876 2247 sanctorum:

116 2271 160 2313 in
192 2271 376 2314 salutem
409 2270 578 2313 animae
609 2284 744 2312 meae.
808 2283 947 2312 amen.

237 2370 305 2414 Sic
326 2370 546 2425 praesenti
563 2384 715 2412 manus
732 2384 855 2412 meae
877 2369 1195 2424 subscriptione
1217 2369 1278 2411 sic
1295 2372 1339 2411 et
1357 2368 1600 2422 sumptione
1617 2367 1878 2411 sanctissimi

118 2436 310 2490 corporis
342 2435 499 2479 Christi
531 2438 740 2489 perpetuo
774 2437 1066 2477 contestatum
1100 2448 1274 2476 manere
1307 2435 1418 2476 Volo.

819 2529 839 2568 †
984 2529 1004 2568 Τ
1148 2528 1168 2568 †

237 2642 250 2657 ὃ
275 2638 356 2680 Se'e,·
389 2638 449 2671 sed
483 2638 582 2671 valde
610 2638 797 2681 probabile
831 2642 877 2670 est
917 2638 1099 2671 Canis-iam
1135 2637 1287 2671 seribere
1318 2637 1483 2669 coluisse:
1517 2635 1603 2670 eius.
1662 2636 1738 2669 Hoc
1775 2636 1880 2669 etiam

118 2692 283 2725 Badera-5
309 2695 339 2723 et
365 2691 587 2733 Reiffenbery
606 2695 815 2734 posuerunt.

238 2824 248 2845 ¹
275 2824 366 2858 Vide
384 2835 492 2868 supra
509 2835 542 2868 p.
562 2824 594 2858 9.
612 2824 764 2858 43-44.
799 2822 964 2858 Canisius
982 2824 1022 2857 B.
1042 2824 1149 2857 Petro
1167 2823 1281 2858 Fabro
1302 2824 1356 2858 12.
1377 2823 1510 2868 Aprilis
1538 2823 1628 2857 1543
1655 2823 1699 2857 ad
1726 2823 1878 2867 priorem

119 2876 330 2911 Carthusiae
357 2876 570 2911 coloniensis
596 2876 763 2910 scribenti
791 2876 861 2910 iam
889 2879 965 2911 erat
988 2879 1198 2922 perspectus
1217 2879 1253 2910 et
1277 2879 1430 2910 exeunte
1448 2876 1563 2921 Aprili
1586 2875 1759 2911 exercitia
1777 2876 1878 2921 spiri-

119 2930 231 2964 tualia
256 2930 412 2964 nondum
439 2929 644 2964 absolverat
673 2928 770 2972 (vide
789 2930 891 2970 infra,
918 2941 1074 2963 monum.
1095 2929 1152 2973 1);
1179 2941 1224 2963 ex
1250 2941 1320 2973 qua
1346 2941 1383 2963 re
1410 2929 1691 2964 concludendum
1718 2931 1774 2963 est
1798 2940 1879 2963 eum

119 2983 292 3017 exercitia
317 2983 447 3017 fecisse
473 2983 633 3025 integra;
661 2993 751 3026 quae
777 2984 947 3026 quattuor
971 2982 1213 3017 hebdomadas
1231 2982 1289 3016 vel
1312 2981 1412 3027 „plus
1430 2983 1595 3017 minusve
1612 2982 1763 3026 triginta
1780 2981 1873 3016 dies*

119 3036 404 3081 complectuntur
424 3035 549 3080 (Liber
567 3037 826 3079 escercitioreme,
853 3035 1035 3069 adnotatio
1053 3035 1090 3079 4)
1120 3037 1157 3069 ct
1186 3035 1433 3077 „electionem“
1463 3035 1621 3070 muneris
1647 3047 1711 3070 seu
1741 3036 1878 3076 „status

119 3089 235 3123 vitae“
266 3089 475 3134 capessendi
505 3088 551 3132 (si
577 3088 657 3132 quis
684 3099 761 3122 eam
788 3088 907 3122 facere
932 3087 1037 3131 velit)
1066 3088 1287 3122 hebdomada
1312 3088 1468 3123 secunda
1494 3089 1601 3134 incipi
1628 3088 1761 3122 iubent.

238 3142 251 3162 ‘-'
276 3143 342 3183 Ita,
371 3144 412 3176 ut
441 3142 529 3176 haec
559 3143 644 3175 vota
673 3153 742 3175 non
772 3141 844 3175 sint
873 3140 1059 3176 sollemnia
1089 3141 1285 3176 secundum
1315 3141 1370 3176 ius
1400 3141 1620 3177 canonicum.
1658 3141 1748 3175 Vide
1774 3140 1877 3181 infra,

120 3206 273 3229 monum.
301 3195 332 3229 3.
480 3196 492 3215 ³
518 3195 556 3228 ln
582 3194 785 3228 tirocinium
812 3194 889 3228 sive
915 3194 1144 3229 noviciatum.
