2113 3430
227 207 313 248 ,580
572 207 650 242 185.
687 207 853 243 Canisius
879 208 1013 249 Hundt,
1040 207 1128 250 Eck,
1155 219 1175 242 a
1200 207 1395 250 Raindorff,
1421 209 1660 246 Schweicker.

342 323 526 366 Veniam
559 325 612 367 ad
646 340 871 368 numerum
904 328 944 368 4.
1009 326 1070 369 Vt
1101 325 1170 367 hic
1203 325 1308 367 ordo
1342 339 1557 379 congruus
1590 327 1858 379 obsemetur,
1894 329 1997 382 quia

222 387 361 441 primo
394 389 556 433 dictum
590 393 656 433 est
680 391 732 433 de
754 391 896 433 forma
929 390 1126 434 struendi
1159 390 1343 445 collegij,
1380 392 1427 432 2ο
1459 391 1511 433 de
1544 391 1634 434 eius
1659 393 1753 435 loco
1787 396 1831 436 et
1853 396 1996 436 struc-

220 455 346 495 turae
387 455 651 510 sumptibus,
702 458 749 498 3⁰
791 457 842 498 de
885 456 985 499 dote
1026 470 1103 498 seu
1145 455 1466 499 sustentatione
1511 457 1704 513 collegij,
1748 459 1994 512 proximum

221 517 441 562 uideretur
472 520 659 575 adijcere
691 521 883 563 nonnihil
915 521 968 563 de
996 536 1077 563 vsu
1110 523 1155 563 et
1187 520 1477 576 applicatione
1508 522 1778 577 superiorum
1803 523 1991 566 omnium

219 583 274 625 ad
308 587 452 627 certas
484 599 706 639 personas,
739 586 806 628 his
828 586 920 629 fere
953 589 1029 629 aut
1061 586 1273 628 similibus
1298 585 1457 629 uerbis.
1745 588 1865 638 Quod
1899 589 1995 642 qui—

219 647 315 690 dem
357 649 592 705 Collegium
634 651 695 693 sic
740 654 991 695 extructum
1032 666 1082 694 ac
1124 652 1345 703 dotatum,
1388 654 1717 695 conuerteretur
1756 653 1906 696 statim
1946 654 1990 696 in

217 727 342 756 Vsum
375 716 637 758 uenerabilis
670 716 893 760 societatis
928 717 979 759 de
1011 717 1184 759 nomine
1206 717 1340 759 IESV
1372 719 1661 771 nuncupatae,
1695 720 1744 760 ut
1774 719 1881 761 haec
1912 733 1992 774 po-

216 781 424 823 testatem
457 795 508 823 ac
540 781 606 823 ius
640 782 794 824 deinde
826 782 870 824 in
902 782 1030 833 illud,
1073 782 1185 825 sicut
1216 782 1260 823 in
1293 781 1379 824 alia
1420 796 1530 835 quae
1562 784 1664 824 sunt
1701 782 1891 825 eiusdem
1923 784 1990 826 in-

215 844 371 896 stituti,
405 846 565 889 habeat
588 848 821 889 secundum
845 862 967 890 suam
989 847 1318 902 professionem,
1351 847 1503 890 relicta
1526 861 1659 901 penes
1687 847 1988 902 Praepositum

215 911 463 962 generalem
506 911 696 954 eiusdem
731 913 963 956 Societatis
1004 913 1238 964 facultate,
1283 912 1520 966 Collegium
1552 912 1633 954 1100
1665 912 1879 966 legittime
1910 928 1991 968 per

215 989 261 1016 se
294 978 338 1018 et
369 990 470 1018 suos
502 977 682 1031 regendi
714 981 845 1032 atque
878 978 1159 1032 gubernandi.

332 1041 568 1084 Praeterea
587 1057 697 1096 quae
715 1043 917 1087 dicuntur
932 1044 975 1085 in
992 1044 1074 1086 hoc
1093 1046 1118 1085 4
1136 1042 1235 1098 [sic]
1254 1043 1544 1098 paragrapho,
1563 1043 1815 1085 nonnullam
1832 1043 1988 1086 immu-

212 1105 423 1148 tationem
456 1107 572 1150 ferre
603 1111 805 1163 possunt,
848 1123 901 1151 ne
933 1109 1068 1151 uerba
1099 1109 1277 1151 nimium
1309 1108 1574 1163 generaliter
1607 1110 1780 1162 sumpta
1812 1122 1986 1151 sensum

212 1170 323 1213 hunc
364 1173 571 1224 reddant,
613 1176 662 1216 vt
695 1174 876 1228 obligati
908 1174 1135 1216 videamur
1174 1189 1261 1217 non
1302 1175 1440 1216 solum
1482 1173 1537 1216 ad
1569 1173 1834 1215 exhibendos
1877 1174 1986 1216 duos

212 1236 455 1291 Theologos
487 1239 722 1290 Doctores,
764 1253 914 1282 verum
948 1240 1080 1282 etiam
1113 1240 1166 1282 ad
1206 1239 1532 1282 constituendos
1563 1241 1631 1281 tot
1661 1241 1982 1293 praeceptores,

211 1304 316 1355 quot
348 1306 475 1346 erunt
506 1303 549 1345 in
582 1304 772 1358 Collegio
805 1305 965 1348 fratres
997 1308 1073 1347 aut
1105 1305 1274 1348 Patres.
1328 1305 1441 1346 Nam
1475 1304 1517 1345 hi
1545 1317 1693 1345 omnes
1724 1303 1798 1345 uix
1831 1304 1984 1358 opinor

210 1367 481 1420 suffecerint,
516 1369 551 1410 si
585 1383 638 1411 ex
670 1370 867 1424 professo
901 1370 1055 1412 docere
1087 1384 1294 1423 cogamur
1325 1384 1409 1411 non
1442 1369 1592 1411 literas
1623 1371 1793 1412 tantum
1827 1369 1981 1412 huma-

208 1431 364 1483 niores,
399 1434 474 1475 sed
509 1434 641 1476 etiam
666 1434 839 1488 linguas
861 1438 964 1486 tres,
1000 1438 1043 1478 et
1066 1438 1184 1478 artes
1216 1435 1430 1485 liberales,
1465 1433 1691 1489 speciatim
1723 1448 1826 1476 uero
1849 1434 1980 1488 Logi-

209 1511 303 1539 cam
336 1501 380 1541 et
412 1499 657 1553 Physicam.
721 1500 862 1550 Quare
902 1500 1080 1543 uideant
1111 1500 1304 1551 Domini,
1346 1514 1400 1542 ne
1442 1499 1541 1553 quid
1583 1498 1841 1541 incommodi
1881 1499 1981 1542 hinc

207 1563 358 1606 redeat
379 1567 471 1606 tum
495 1564 549 1606 ad
573 1565 853 1616 academiam,
889 1579 999 1618 quae
1022 1566 1262 1608 ordinarios
1283 1566 1416 1608 habet
1438 1565 1480 1606 in
1504 1565 1671 1607 artibus
1694 1565 1976 1619 professores,

206 1627 273 1669 his
304 1642 390 1670 non
421 1628 544 1681 licet,
587 1644 726 1683 neque
768 1630 945 1685 expedit
984 1630 1305 1685 praeiudicare,
1348 1633 1440 1673 tum
1474 1630 1528 1671 ad
1560 1632 1734 1672 nostros
1771 1629 1843 1682 qui
1875 1629 1977 1672 mit—

205 1696 356 1736 tentur
387 1708 472 1736 non
505 1694 643 1736 solum
677 1695 730 1737 ad
764 1695 1024 1747 docendum,
1064 1696 1139 1738 sed
1172 1695 1303 1738 etiam
1337 1695 1391 1738 ad
1424 1695 1696 1745 discendum,
1731 1694 1887 1748 quique
1920 1696 1974 1737 ad

205 1758 414 1801 minorem
446 1759 526 1801 sibi
560 1760 831 1803 conflandam
863 1761 906 1802 in
938 1761 1178 1815 gymnasijs
1210 1760 1416 1802 inuidiam
1443 1760 1550 1803 satis
1581 1759 1766 1814 primum
1798 1760 1974 1811 habent,

203 1823 246 1865 in
279 1824 428 1866 schola
460 1825 630 1880 collegij
664 1826 729 1867 sui
761 1840 1025 1880 praeparare
1056 1827 1340 1876 iuuentutem,
1380 1839 1613 1879 omnesque
1645 1825 1783 1879 gratis
1814 1825 1877 1867 ita
1908 1825 1975 1867 in-

203 1888 410 1941 stituere,
456 1892 504 1933 ut
547 1891 756 1933 lectiones
802 1891 955 1933 deinde
998 1891 1192 1946 publicas
1235 1891 1279 1933 in
1323 1891 1562 1945 gymnasijs
1605 1890 1735 1945 ijdem
1779 1890 1971 1934 audiant.

203 1954 361 1997 Postea
394 1969 519 2007 uero,
564 1970 659 1998 cum
693 1956 831 1999 nostri
864 1960 991 1999 erunt
1022 1957 1234 2008 notiores,
1276 1959 1482 2011 poterunt
1514 1956 1758 2010 aliquando,
1790 1956 1975 2010 publicis

202 2020 520 2073 professoribus
551 2022 808 2076 praesertim
841 2022 1059 2076 impedit-is
1093 2023 1162 2064 uel
1195 2022 1460 2072 absentibus,
1494 2021 1711 2064 substitui.

321 2085 442 2127 Circa
475 2100 699 2128 numerum
731 2088 800 2128 uel
833 2087 1154 2142 paragraphum
1180 2088 1204 2129 5
1228 2088 1386 2142 placet,
1419 2086 1542 2129 nobis
1575 2085 1844 2128 occasionem
1878 2085 1973 2128 dari

202 2149 253 2191 de
276 2150 554 2205 stipendarijs
580 2150 678 2206 [sie]
703 2152 989 2194 Illustrissimi
1012 2152 1251 2206 Principis1
1274 2153 1382 2194 bene
1405 2152 1611 2202 merendi,
1642 2151 1744 2193 licet
1766 2151 1808 2193 in
1832 2151 1973 2205 spetie

200 2215 389 2257 sortasse
422 2216 596 2270 cupient
618 2217 782 2259 Romae
811 2217 949 2260 nostri
982 2232 1257 2271 cognoscere,
1292 2232 1374 2271 quo
1408 2231 1454 2259 se
1487 2217 1697 2260 extendat
1728 2216 1969 2258 huiusmodi

200 2281 600 2336 superintendentia
628 2282 788 2324 nostris
821 2282 1026 2333 iniuncta,
1061 2283 1267 2336 exigatne
1300 2283 1567 2337 corporalem
1599 2281 1892 2336 praesentiam
1926 2285 1970 2325 et

200 2346 496 2400 quotidianum
530 2347 787 2397 conuictum,
822 2347 877 2390 sit
910 2362 963 2389 ne
997 2348 1226 2390 coniuncta
1259 2362 1354 2389 cum
1387 2346 1762 2390 administratione
1795 2348 1838 2388 et
1865 2361 1970 2389 cura

198 2411 523 2466 temporalium,
567 2415 649 2455 etc.
714 2412 845 2467 Cupio
889 2413 1001 2455 enim
1033 2427 1124 2455 rem
1166 2427 1335 2455 omnem
1375 2413 1618 2454 luculenter
1650 2411 1880 2466 explicari,
1924 2415 1969 2454 et

198 2477 384 2519 fideliter
415 2477 637 2519 obseruari
670 2478 902 2519 secundum
936 2482 1124 2521 mentem
1158 2478 1388 2520 Jllustriss.
1423 2477 1646 2531 Principis.
1711 2478 1768 2519 Et
1800 2477 1964 2519 vtinam

198 2545 436 2591 curaretur,
471 2545 520 2584 vt
543 2542 802 2596 Stipendarij
830 2541 928 2597 [sie]
953 2558 1049 2585 cum
1071 2543 1252 2597 posthac
1280 2543 1554 2597 recipientur,
1590 2542 1737 2584 sedulo
1761 2542 1967 2584 admone-

198 2610 348 2649 rentur
380 2607 504 2661 offitij
540 2607 618 2657 sui,
651 2608 909 2661 praesertim
943 2608 995 2649 (10
1028 2608 1170 2649 studio
1198 2607 1458 2661 Theologico
1492 2607 1712 2657 sectando,
1747 2607 1798 2649 de
1831 2607 1966 2649 sacris

198 2672 417 2713 ordinibus
450 2672 746 2726 suscipiendis,
782 2673 833 2714 de
868 2673 1111 2715 obedientia
1136 2673 1366 2725 Tlieologis
1399 2672 1676 2726 praestanda,
1710 2672 1825 2714 etc.‘2
1873 2671 1961 2721 Qua

196 2736 238 2776 in
271 2750 318 2778 re
350 2736 581 2790 plurimum
614 2737 736 2779 nobis
770 2738 1043 2779 commodare
1076 2740 1224 2791 posset
1256 2738 1430 2790 Regens
1463 2737 1640 2791 Collegij
1674 2736 1774 2778 noui
1791 2738 1806 2763 3

318 2876 326 2894 ¹
354 2874 518 2909 Alurnnis
545 2875 687 2919 collegii
714 2876 910 2919 georgiani.

314 2927 327 2946 ‘³
357 2927 390 2960 ld
416 2928 549 2961 sactum
570 2930 622 2961 est
643 2928 677 2961 in
701 2929 994 2971 „reforinatione“
1018 2929 1278 2971 universitatis,
1306 2941 1411 2973 qnam
1432 2929 1600 2963 Albertus
1618 2928 1661 2962 V.
1683 2929 1735 2962 19.
1755 2927 1959 2961 Decembris

198 2979 286 3015 13:313
315 2980 475 3013 ‹i‹›(-1·evit
505 2981 650 3019 (I'ran‘l
676 2981 697 3015 l.
726 2993 754 3016 c.
782 2982 825 3018 11,
853 2982 950 3024 210).

315 3033 326 3051 '⁰'
352 3033 399 3066 M.
431 3034 553 3078 Ioseph
583 3034 733 3072 Schinz,
770 3035 898 3068 nobilis
934 3036 1202 3078 stugartianns,
1240 3047 1256 3069 a
1292 3035 1484 3069 Februario
1520 3035 1601 3069 anni
1641 3035 1729 3068 1555
1766 3045 1878 3077 usqne
1914 3035 1956 3067 ad

196 3084 352 3127 Aprili-ni
376 3086 464 3119 135,ss
492 3087 523 3119 id
552 3099 681 3120 mnnns
707 3088 1001 3125 administrabat:
1029 3088 1084 3122 cui
1104 3089 1151 3121 M.
1172 3088 1375 3133 Stephanus
1394 3088 1585 3121 Reittmair
1603 3088 1644 3121 de
1663 3087 1759 3120 Rohr
1782 3088 1956 3121 suecessit

197 3136 374 3174 (Madau-‹7-
400 3138 421 3170 l.
450 3152 477 3171 (·.
508 3141 531 3177 Ι,
559 3140 637 3173 239.
666 3140 744 3174 246.
788 3143 903 3174 Andr.
926 3142 1078 3185 Sclmm'd,
1106 3141 1322 3175 (103(-11101110
1350 3142 1412 3175 des
1431 3140 1690 3183 Georgianums
1718 3140 1750 3173 in
1776 3141 1953 3174 Miinchen

193 3188 443 3232 [liwgvnsbnrg
474 3192 575 3235 1991]
603 3204 635 3237 p.
663 3194 736 3236 91).
