2113 3430
1055 796 1131 840 ΠΙ.

403 902 787 962 PROOEMIUM
825 898 1145 958 SPEGIALE
1181 897 1372 954 PRIMI
1408 895 1792 953 VOLUMINIS.

334 1024 527 1062 Volumen
557 1023 631 1060 hoc
660 1024 834 1070 tempore
867 1018 1020 1068 quidem
1051 1021 1183 1055 cetera
1212 1015 1431 1061 antecedit,
1472 1014 1561 1061 sed,
1601 1013 1635 1052 si
1665 1026 1796 1052 rerum
1832 1013 1989 1051 novitas

216 1098 262 1124 ac
292 1083 470 1134 gravitas
501 1084 743 1131 spectentur,
772 1078 934 1128 reliquis
963 1078 1136 1115 fortasse
1166 1075 1345 1114 omnibus
1374 1074 1539 1112 inferius
1568 1076 1639 1111 est.
1677 1072 1864 1121 Magnam
1889 1071 1990 1110 enim

215 1145 299 1183 eius
338 1146 489 1193 partem
518 1145 673 1190 tempus
711 1138 806 1176 illud
842 1140 1030 1187 occupat,
1070 1149 1144 1185 quo
1174 1134 1357 1174 Canisius
1395 1133 1615 1172 litterarum
1654 1131 1794 1170 studiis
1833 1143 1989 1181 operam

216 1205 391 1242 navabat
419 1205 458 1240 et
487 1214 511 1238 a
540 1198 792 1238 scholasticis
831 1198 914 1235 fere
953 1195 1153 1235 sodalibus
1182 1195 1337 1232 litteras
1373 1192 1614 1242 accipiebat;
1656 1190 1823 1229 studiosi
1861 1193 1991 1228 autem

217 1263 491 1302 adulescentes
521 1273 568 1298 ea
596 1271 733 1308 gerere
762 1270 841 1295 non
870 1256 1019 1303 solent,
1059 1268 1158 1304 quae
1196 1254 1311 1291 valde
1350 1251 1563 1302 conspicua
1595 1250 1675 1288 sint
1713 1253 1752 1288 et
1780 1262 1923 1298 magna
1951 1248 1992 1286 in

216 1322 383 1361 historia
420 1320 571 1358 faciant
608 1317 791 1366 vestigia.
848 1315 1015 1354 Accedit
1044 1313 1169 1352 aliud:
1211 1312 1306 1351 Cum
1335 1312 1375 1350 in
1412 1309 1697 1362 posterioribus
1729 1307 1992 1347 voluminibus

218 1394 354 1421 omnes
383 1392 509 1430 paene
539 1377 730 1428 epistulae
761 1388 907 1425 eaeque
937 1377 1000 1412 sat
1028 1374 1170 1421 longae
1200 1375 1240 1410 et
1262 1384 1405 1420 graves
1434 1370 1526 1421 poni
1551 1368 1717 1420 possint,
1747 1381 1843 1418 quas
1865 1366 1992 1406 Socie-

217 1441 314 1481 tatis
343 1440 434 1478 Iesu
463 1436 680 1488 praepositi
709 1435 915 1485 generales
945 1433 994 1471 ad
1023 1432 1224 1471 Canisium
1259 1430 1470 1476 dederunt,
1509 1429 1549 1467 in
1586 1429 1661 1466 hoc
1698 1427 1896 1466 volumine
1926 1425 1991 1464 ali-

220 1504 313 1551 quot
342 1502 495 1537 tantum
525 1495 710 1535 collocari
738 1497 906 1545 possunt
935 1506 984 1530 ex
1012 1492 1074 1538 iis,
1105 1505 1201 1541 quas
1231 1503 1276 1529 eo
1302 1494 1477 1540 tempore
1503 1489 1540 1527 S.
1560 1487 1753 1537 Ignatius,
1783 1485 1992 1525 Societatis

219 1572 364 1611 parens
394 1561 433 1596 et
461 1557 609 1607 primus
638 1553 900 1606 praepositus,
933 1551 1089 1591 Canisio
1119 1550 1236 1588 misit.

341 1641 474 1690 Neque
502 1643 635 1678 tamen
664 1637 830 1687 primum
848 1636 922 1674 hoc
942 1635 1124 1672 volumen
1153 1645 1321 1671 vacuum
1349 1644 1422 1670 nec
1442 1630 1652 1669 lectoribus
1681 1629 1880 1678 ingratum
1909 1626 1993 1665 erit.

222 1702 269 1740 In
298 1714 372 1751 quo
401 1701 501 1738 haec
529 1697 776 1748 potissimum
805 1696 1132 1745 praestabuntur:

341 1772 471 1810 Primo
500 1771 588 1808 loco
619 1767 767 1807 Canisii
797 1765 1145 1814 autobiograp
1157 1763 1240 1801 hia
1269 1763 1333 1801 vel
1362 1761 1491 1812 potius
1520 1763 1654 1810 partes
1682 1759 1786 1804 illae,
1817 1769 1915 1807 quae
1946 1769 1996 1794 ex

224 1846 269 1871 ea
299 1833 532 1882 supersunt,
562 1831 780 1879 ponunt11r3
821 1839 920 1876 quae
948 1837 1053 1863 nunc
1081 1823 1247 1874 primum
1277 1825 1442 1860 cunctae
1472 1821 1661 1859 collectae
1693 1821 1784 1856 sunt
1814 1820 1853 1854 et
1879 1816 1920 1854 in
1950 1828 1994 1853 ea

223 1892 359 1941 lingua
388 1890 567 1935 eduntur,
598 1901 673 1937 qua
703 1901 726 1925 a
754 1885 914 1925 Oanisio
945 1887 1037 1922 sunt
1065 1883 1249 1933 scriptae.
1297 1882 1385 1919 Hac
1414 1883 1544 1919 autem
1565 1875 1890 1927 autobiographia
1918 1888 1996 1913 non

224 1952 350 1990 solum
389 1948 563 1988 exterior
602 1946 653 1994 (si
684 1946 740 1984 ita
769 1945 875 1994 loqui
903 1945 965 1982 fas
996 1943 1071 1989 est)
1103 1941 1251 1980 Oanisii
1278 1941 1383 1987 vita,
1423 1939 1463 1977 in
1501 1937 1698 1989 prooemio
1731 1934 1906 1985 generali
1935 1934 1998 1972 ad-

224 2012 426 2055 umbrata,
465 2007 592 2056 magis
623 2005 845 2055 explicatur
874 2007 913 2041 et
943 2002 1224 2052 amplificatur,
1265 2000 1333 2039 sed
1363 1999 1481 2037 etiam
1513 2021 1557 2024 —
1590 1997 1629 2035 id
1658 1996 1759 2045 quod
1787 1994 1908 2032 totius
1942 1992 1999 2031 rei

226 2073 345 2119 caput
375 2071 435 2106 est
463 2089 515 2094 —
544 2065 708 2104 interior
737 2064 820 2102 eius
850 2063 934 2101 vita
964 2061 1139 2111 aperitur
1162 2059 1271 2109 quasi
1295 2063 1333 2097 et
1352 2057 1581 2096 recluditur:
1613 2053 1875 2104 cognoscitur,
1905 2065 2001 2102 quos

225 2130 292 2167 ille
322 2129 360 2165 in
393 2130 453 2165 tot
480 2125 681 2164 laboribus
712 2121 973 2172 suscipiendis
1003 2122 1101 2159 fines
1134 2119 1208 2157 sibi
1240 2117 1500 2168 proposuerit,
1540 2115 1678 2164 quibus
1708 2114 1754 2151 de
1784 2111 1914 2150 causis
1943 2114 2000 2148 tot

226 2189 370 2226 itinera
404 2187 559 2231 facere,
598 2187 658 2222 tot
687 2182 890 2221 contiones
920 2182 1086 2226 habere,
1127 2182 1187 2217 tot
1215 2178 1336 2216 libros
1368 2175 1617 2215 conscribere
1645 2172 1835 2218 voluerit3
1875 2173 2003 2209 osten—

229 2248 333 2285 ditur
362 2258 511 2284 summa
541 2244 690 2294 pietas,
733 2255 806 2291 qua
836 2241 876 2278 in
905 2241 1032 2278 Deum
1061 2240 1281 2283 ferebatur,
1324 2236 1476 2274 animus
1506 2247 1597 2272 vere
1628 2231 1889 2282 apostolicus,
1929 2242 2003 2278 quo

230 2305 480 2346 Germaniam
513 2315 623 2340 suam
654 2301 856 2349 diligebat,
887 2311 1079 2347 generosa
1111 2297 1274 2342 caritas,
1315 2308 1390 2344 qua
1419 2293 1597 2332 inimicos
1628 2291 1745 2329 etiam
1776 2289 2004 2338 complecte-

229 2368 366 2411 batur-3
396 2362 652 2411 intellegitur,
684 2360 773 2410 quid
802 2358 984 2397 Canisius
1015 2370 1137 2395 senex
1168 2360 1206 2394 et
1234 2355 1351 2393 morti
1380 2353 1581 2404 proximus
1611 2351 1658 2388 de
1687 2349 1884 2387 Societate
1913 2347 2003 2385 Iesu

232 2424 422 2470 senserit,
464 2422 524 2460 cui
554 2420 708 2458 iuvenis
739 2432 781 2457 se
812 2418 971 2456 dederat
1011 2420 1051 2454 et
1079 2416 1117 2453 in
1150 2415 1259 2452 cuius
1289 2413 1435 2451 intimis
1465 2411 1576 2461 quasi
1604 2408 1821 2447 visceribus
1849 2420 1920 2457 per
1947 2409 2004 2443 tot

233 2498 356 2523 annos
389 2484 650 2521 commoratus
682 2482 789 2523 erat,
829 2476 976 2526 lgnatii
1010 2475 1244 2525 discipulus.
1286 2472 1445 2511 summis
1476 2468 1685 2509 Societatis
1717 2467 1812 2504 viris
1843 2465 2004 2509 amicus,

232 2556 398 2592 magnae
429 2540 638 2579 Sociotatis
668 2537 895 2588 provinciae
927 2536 989 2573 diu
1020 2534 1278 2585 praepositus

354 2618 576 2667 Sequuntur
604 2615 692 2665 plus
723 2627 836 2663 quam
867 2614 943 2650 ‘210
975 2611 1241 2661 epistulae
1275 2612 1313 2645 et
1342 2605 1549 2645 summaria
1591 2603 1866 2653 epistularum,
1907 2613 2004 2650 quae

237 2680 284 2715 al»
315 2691 415 2715 anno
449 2677 546 2713 1541
580 2687 700 2723 usquo
732 2673 779 2710 ad
812 2673 912 2709 1551}
944 2671 1132 2710 (mensem
1163 2669 1250 2715 Iul.)
1282 2681 1303 2704 a
1331 2665 1487 2705 Canisio
1518 2668 1554 2701 et
1586 2664 1634 2701 ad
1664 2661 1861 2700 Canisium
1891 2660 2004 2696 datae

237 2740 339 2782 sunt,
371 2740 407 2773 et
442 2736 514 2771 1223
544 2734 864 2771 monumenta
898 2731 1032 2779 (saepe
1062 2729 1099 2765 in
1133 2726 1340 2765 summaria
1373 2724 1611 2771 contracta).
1643 2734 1741 2771 quae
1772 2720 1818 2757 ad
1849 2718 2004 2756 eosdem

238 2808 361 2833 annos
400 2793 608 2843 pertinent.
672 2792 731 2829 Ex
771 2789 949 2839 epistulis
990 2788 1066 2825 illis
1106 2802 1125 2824 a
1167 2786 1323 2824 Canisio
1364 2784 1424 2822 vel
1469 2784 1516 2821 ad
1560 2795 1646 2820 euin
1689 2779 1789 2817 datis
1834 2779 1882 2815 50
1924 2777 2005 2813 fere

240 2854 356 2903 (quod
388 2852 563 2901 equidem
596 2851 733 2897 sciam)
764 2862 886 2898 usque
917 2848 1041 2886 adhuc
1071 2847 1219 2896 prelum
1250 2846 1355 2882 nullo
1385 2843 1498 2881 modo
1529 2841 1749 2884 subierunt3
1790 2837 1858 2875 sed
1888 2835 2003 2873 etiam

240 2927 287 2951 ex
319 2911 477 2960 reliquis
511 2911 654 2947 multae
696 2909 822 2957 aliqua
864 2907 1015 2945 ratione
1055 2918 1181 2943 novae
1222 2905 1294 2942 diei
1330 2905 1514 2953 possunt:
1556 2904 1621 2937 aut
1661 2897 1761 2936 enim
1799 2907 2004 2943 numquam

239 2973 416 3019 integrae
447 2971 483 3006 in
515 2970 638 3006 lucem
671 2968 894 3017 prodierunt
926 2970 991 3003 aut
1024 2980 1067 3003 ea
1097 2965 1228 3013 lingua
1261 2977 1337 3001 non
1368 2964 1458 2999 sunt
1488 2960 1693 3007 vulgatae.
1725 2969 1796 3005 qua
1830 2953 2006 3003 primitus

241 3031 412 3079 scriptae
443 3032 571 3065 eraut:
613 3027 906 3064 nonnullarum.
947 3038 1046 3073 quae
1085 3025 1224 3072 longae
1265 3026 1299 3059 et
1340 3021 1453 3058 valde
1492 3030 1632 3067 graves
1672 3018 1782 3059 sunt,
1825 3013 2006 3050 minimae

240 3094 390 3127 tantum
422 3086 610 3136 quaedam
641 3085 855 3134 particulae
878 3084 1002 3120 adhuc
1035 3083 1215 3130 cognitae
1246 3084 1366 3118 erant.
1416 3079 1625 3115 Praeterea
1654 3074 1693 3111 in
1724 3086 1767 3110 ea
1798 3071 2005 3109 voluminis

242 3152 374 3198 parto,
419 3146 477 3182 cui
521 3145 657 3181 titulus
693 3145 965 3183 „Monumenta
998 3140 1249 3185 ’canisiana“,
1295 3142 1410 3187 atque
1449 3137 1486 3173 in
1527 3132 1864 3173 adnotationibus,
1907 3142 2004 3178 quae

244 3206 421 3256 epistulis
451 3204 546 3253 ipsis
576 3202 841 3246 subiciuntur,
882 3201 966 3249 plus
996 3213 1109 3249 quam
1144 3200 1216 3236 180
1246 3200 1441 3246 ponuntur
1479 3194 1719 3231 litterarum.
1759 3189 2002 3233 relationum,
