2113 3430
181 284 270 319 1548

180 339 270 374 1548

179 392 270 427 1548

180 445 270 480 1548

180 550 270 586 1548

178 605 268 640 1548

178 711 267 746 1548

177 765 267 799 1548

139 844 144 850 .
175 818 266 853 1549
297 819 367 879 in-¹

173 875 280 906 eunte

176 924 266 960 1549

164 1068 274 1111 1549

175 1278 265 1313 1549

174 1331 264 1367 1549

160 1486 272 1529 1549

167 1791 258 1827 1549

167 1897 256 1933 1549

155 1987 265 2029 1549

163 2132 253 2167 1549

164 2186 252 2220 1549

162 2238 252 2273 1549

161 2291 251 2327 1549

160 2398 250 2433 1549

160 2451 250 2486 1549

161 2556 250 2591 1549

160 2609 248 2643 1549

158 2715 248 2750 1549

158 2821 248 2857 1549

145 2913 255 2954 1549

155 3052 171 3085 1
179 3051 244 3086 549

154 3160 244 3195 1550

683 172 773 208 1546
798 174 874 209 Iun.
900 195 948 199 —
976 176 1066 212 1550
1091 178 1198 214 Mart.
1227 176 1280 215 16.

465 284 572 320 Mart.
600 286 655 322 30.

487 338 574 384 Apr.
603 341 634 375 1.

488 393 574 437 Apr.
602 394 633 429 2.

445 444 533 490 Apr.
559 447 675 484 3.—6.

487 552 572 598 Apr.
600 555 632 590 8.

402 603 488 649 Apr.
517 607 548 641 9.
576 608 635 643 vel
663 611 717 645 10.

472 711 559 757 Apr.
587 715 642 750 24.

516 768 544 800 A
550 778 603 812 pr.

413 925 499 971 Apr.
527 928 585 963 vel
611 930 706 966 Maio

432 1068 554 1114 initio
586 1072 677 1118 Iun.

516 1281 592 1317 Iun.

476 1333 572 1380 Sept.
600 1336 631 1371 2.

458 1488 577 1544 Sept.
611 1493 651 1534 4.

440 1795 548 1840 paulo
573 1799 657 1832 ante

459 1847 555 1894 Sept.
585 1851 639 1886 19.

479 1900 558 1937 Oct.
585 1904 617 1938 2.

464 1990 559 2035 Oct.
594 1995 633 2037 4.

477 2135 555 2172 Oct.
583 2138 614 2173 8.

464 2189 542 2225 Oct.
573 2192 626 2226 12.

463 2241 542 2278 Oct.
572 2245 625 2279 15.

424 2293 663 2334 Oct.—Nov.

454 2400 487 2435 N
490 2414 545 2438 ov.
575 2405 628 2440 12.

453 2453 487 2488 N
489 2467 544 2491 ov.
574 2458 628 2493 13.

452 2560 486 2595 N
489 2573 544 2597 ov.
574 2565 626 2599 14.

452 2613 543 2650 Nov.
571 2617 626 2652 26.

452 2719 543 2756 Nov.
570 2722 625 2758 29.

466 2825 550 2862 Dec.
577 2829 609 2863 6.

404 2916 534 2970 paulo
566 2922 665 2972 post

446 2981 550 3025 Dec.
585 2985 623 3027 6.

449 3055 534 3092 Dec.
561 3057 616 3092 24.

438 3163 545 3198 Mart.
575 3165 627 3200 16.

1791 205 1869 234 XLI

779 288 835 324 Ad
860 288 1068 327 Schaletam
1095 294 1282 331 Calabriae
1308 297 1427 333 vicum
1453 311 1583 336 navem
1609 303 1805 349 appellunt.

779 341 968 379 Schaletae
995 346 1129 390 pascha
1155 348 1348 385 celebrant.

777 394 915 431 Navem
942 398 986 432 ad
1013 398 1162 434 Paulam
1188 401 1312 437 urbem
1338 405 1533 449 appellunt.

778 447 911 484 Paulae
946 451 1217 496 contionantur,
1251 455 1347 500 piam
1385 459 1614 503 societatem,
1652 464 1868 501 catechesim

836 502 1042 539 instituunt.

751 543 753 576 ἶ
777 553 978 591 Messanam
1004 558 1211 595 adveniunt.

778 607 942 644 Canisius
977 610 1013 645 in
1046 613 1180 658 templo
1207 612 1241 648 S.
1267 614 1407 651 Nicolai
1442 629 1560 654 coram
1587 623 1793 666 proceribus
1826 626 1868 660 de

837 661 1063 706 eloquentiae
1088 665 1206 701 studio
1233 667 1330 703 dicit.

775 713 1004 750 Rhetoricam
1030 718 1172 754 tradere
1198 721 1334 766 incipit.

775 766 901 802 Latine
926 771 1035 814 atque
1061 771 1181 807 italice
1207 775 1404 810 contionari
1431 777 1566 824 incipit.

774 819 815 854 In
840 820 1082 866 disputatione
1107 837 1128 860 a
1153 825 1396 864 Dominicanis
1422 831 1589 867 instituta
1620 834 1662 868 de
1687 837 1867 880 potestate

832 874 1006 910 ecclesiae
1032 877 1188 914 disserit.

772 925 851 961 Duo
878 929 996 973 capita
1013 931 1190 967 sociarum
1207 933 1242 968 S.
1262 934 1415 971 Ursulae
1432 938 1708 982 magistratibus
1733 953 1865 978 messa-

831 981 1003 1017 nensibus
1028 984 1149 1019 tradit.

772 1068 824 1112 A.
859 1070 901 1112 S.
934 1071 1119 1126 Ignati0‚
1154 1075 1370 1120 Guilielmi
1400 1079 1475 1124 IV.
1498 1081 1714 1126 Bavariae
1747 1085 1866 1128 ducis

830 1139 1002 1188 rogatu,
1041 1138 1085 1180 in
1117 1140 1449 1187 universitatem
1480 1145 1865 1200 ingolstadiensem

832 1204 1052 1253 evocatus,
1086 1204 1291 1249 Messana
1323 1208 1518 1254 discedit.

771 1278 919 1316 Romam
945 1283 1103 1319 advenit.

770 1332 923 1368 Paulum
949 1336 1010 1372 ΠΙ.
1038 1338 1233 1383 alloquitur
1264 1342 1412 1388 eiusque
1439 1344 1721 1382 benedictionem
1753 1350 1863 1395 petit3

829 1387 866 1421 in
891 1389 979 1424 aede
1005 1391 1173 1427 vaticana
1208 1395 1320 1432 sentit
1347 1408 1386 1431 se
1413 1397 1626 1435 Germaniae
1661 1403 1863 1447 apostolum

830 1443 1010 1477 constitui.

770 1493 866 1528 Ante
903 1496 1162 1540 professionem
1197 1512 1298 1536 suam
1334 1503 1370 1537 in
1396 1503 1545 1540 basilica
1570 1507 1739 1543 vaticana
1764 1509 1863 1545 videt

829 1547 898 1582 sibi
923 1549 967 1583 ab
993 1552 1165 1596 apostolis
1190 1553 1372 1598 benedici,
1407 1558 1576 1602 angelum
1602 1560 1768 1606 adiungi,
1805 1575 1865 1598 cor

828 1606 910 1642 Iesu
928 1609 1068 1653 aperiri.
1110 1607 1276 1652 Eodem
1298 1610 1366 1653 die
1386 1611 1431 1653 in
1451 1614 1614 1668 templo
1637 1615 1678 1658 S.
1696 1616 1863 1660 Mariae

828 1667 881 1709 de
913 1669 1064 1713 Strata
1096 1686 1240 1716 coram
1267 1675 1309 1718 S.
1333 1676 1504 1729 Ignatio
1537 1682 1744 1733 quattuor
1775 1683 1862 1725 sol-

825 1732 984 1776 lemnia
1017 1735 1246 1782 Societatis
1278 1744 1383 1784 vota
1414 1748 1647 1799 nuncupat.

741 1823 743 1826 .
767 1793 963 1832 Bononiam
990 1799 1147 1836 advenit.

765 1901 926 1937 Examen
951 1903 1192 1950 theologiciun
1222 1910 1461 1952 „rigorosuiffl
1491 1913 1598 1949 subit.

765 1991 864 2034 Una
905 2007 1002 2036 cum
1043 1996 1125 2039 ΡΡ.
1165 1997 1256 2041 Iaio
1299 2003 1343 2043 et
1384 2001 1633 2046 Salmerone
1677 2005 1857 2059 „doctor

821 2057 1093 2113 theologiae“
1131 2067 1316 2107 creatur.

763 2138 850 2173 Cum
876 2140 1003 2175 iisdem
1028 2142 1187 2178 Bononia
1213 2145 1375 2181 discedit.

763 2189 973 2228 Tridentum
1000 2195 1214 2239 adveniunt:
1242 2200 1428 2245 episcopos
1457 2201 1626 2238 invisunt.

761 2244 929 2281 Tridento
955 2247 991 2281 in
1017 2248 1210 2284 Bavariam
1236 2253 1522 2297 proficiscuntur.

760 2296 931 2344 Dilingae
957 2301 1174 2337 cardinalem
1202 2308 1444 2348 augustanum
1471 2310 1506 2343 et
1531 2311 1656 2354 postea
1675 2309 1853 2347 Monachii

821 2351 1053 2388 Guilielmum
1078 2355 1140 2390 IV.
1167 2357 1344 2394 Bavariae
1371 2360 1496 2395 ducem
1522 2362 1693 2397 salutant.

735 2396 736 2418 ¹
759 2404 948 2441 Monachio
974 2408 1260 2452 proficiscuntur.

759 2456 1026 2504 Ingolstadium
1052 2462 1321 2507 ingrediuntur3
1349 2477 1368 2500 a
1391 2467 1652 2512 professoribus
1678 2469 1852 2505 universi-

817 2513 904 2546 tatis
930 2513 1151 2550 sollemniter
1177 2517 1416 2563 excipiuntur.

734 2602 735 2607 ¹
758 2564 799 2598 In
830 2565 999 2609 „collegio
1026 2571 1167 2603 vetere“
1199 2570 1363 2606 habitare
1388 2572 1575 2618 incipiunt.

759 2616 924 2653 Canisius
953 2620 1206 2667 „principium“
1237 2624 1335 2666 facit,
1372 2637 1491 2661 coram
1517 2627 1701 2662 academia
1727 2628 1852 2664 laudes

816 2671 1018 2716 theologiae
1045 2675 1176 2710 dicens.

758 2723 846 2758 Cum
872 2725 945 2760 laio
981 2728 1017 2761 et
1048 2726 1253 2764 Salmerone
1279 2727 1495 2775 Eystadiuln
1521 2732 1665 2769 vehitur
1699 2736 1743 2770 ad
1780 2737 1850 2781 epi·

815 2789 963 2823 scopum
988 2780 1228 2816 salutandum.

757 2830 845 2865 Cum
872 2832 998 2866 iisdem
1024 2831 1292 2879 Ingolstadium
1318 2838 1523 2874 revertitur.

755 2919 804 2962 In
844 2920 1129 2966 universitate
1171 2925 1289 2968 Petri
1333 2927 1562 2971 Lombardi
1608 2931 1848 2975 sententias

814 2999 1030 3040 exponere
1061 2988 1224 3044 incipit.

753 3060 794 3094 In
835 3062 969 3107 templo
1007 3064 1046 3098 B.
1086 3064 1221 3100 Mariae
1264 3079 1383 3102 eoram
1421 3069 1658 3105 universitate
1696 3071 1846 3106 latinam

812 3115 1007 3150 orationem
1033 3117 1152 3153 habet.

726 3167 791 3205 .In
818 3167 970 3203 ecclesia
1003 3171 1199 3215 parochiali
1235 3175 1438 3216 germanice
1474 3176 1670 3211 contionari
1707 3178 1841 3223 incipit.
