2113 3430
864 174 916 207 17.
944 173 1030 207 Maii
1059 174 1158 208 1556.
1806 178 1888 219 615

129 291 248 334 detto
281 290 542 332 monasterio
575 304 600 332 a
633 290 738 333 certi
770 289 893 332 anni:
937 289 979 331 di
1009 291 1135 332 modo
1169 291 1247 333 che
1286 291 1368 333 essi
1412 306 1605 334 avranno
1637 292 1681 334 la
1713 306 1816 335 cura
1849 293 1891 334 di

128 355 324 409 esiggere
357 354 501 405 debiti,
536 355 577 396 di
609 354 817 397 coltivare
848 354 879 396 li
910 354 1117 405 territori,
1152 355 1193 397 di
1226 356 1425 398 edificare
1457 357 1497 398 16
1530 371 1629 399 0666
1662 358 1781 400 600.1
1833 358 1892 400 Et

125 422 242 462 tutto
284 423 435 473 questo
476 419 513 462 si
549 420 595 462 fa
634 434 713 474 per
751 422 901 461 nostra
943 419 1178 470 comodita‚
1222 421 1402 463 essendo
1445 422 1586 474 quello
1627 423 1890 464 monasterio

125 486 250 527 tanto
282 485 482 535 lontano,
526 487 569 527 et
600 484 757 539 perche
789 484 970 526 sarebbe
1002 498 1088 526 una
1119 485 1255 527 fatica
1287 486 1646 540 insopportabile,
1689 487 1891 529 massime

124 549 168 591 in
210 549 351 602 questi
390 549 537 603 luoghi
575 551 619 591 et
660 548 816 603 tempi,
859 548 901 589 di
941 563 1185 602 governare
1227 564 1306 592 con
1338 551 1378 592 le
1419 553 1567 593 nostre
1608 565 1733 605 spese
1773 554 1890 595 tutto

125 615 266 668 quello
300 614 376 656 che
409 614 663 668 appartiene
695 614 736 656 al
769 614 889 656 detto
922 614 1199 657 monasterio.
1249 615 1337 657 Ora
1369 615 1561 658 tuttavia
1593 616 1889 668 60116011161110,

125 679 203 721 che
236 681 389 732 questa
422 679 712 721 convenzione
733 693 809 733 per
837 678 865 720 l’
884 679 1075 721 autorita
1108 679 1176 721 del
1199 680 1480 722 Serenissimo
1503 681 1567 722 Re
1598 681 1662 722 sia
1695 681 1891 735 espedita

124 744 302 786 insieme
335 759 415 786 con
445 745 489 787 la
521 743 728 799 supplica,
761 743 805 786 16
837 744 964 797 quale
997 743 1033 785 si
1065 745 1272 786 mandera
1305 759 1330 787 a
1363 745 1449 787 Sua
1473 745 1644 788 86111116
1675 760 1753 800 per
1784 761 1891 788 aver

123 809 166 850 la
199 809 400 863 dispensa
441 809 555 852 circa
586 810 612 851 l’
632 808 982 863 incorporazione
1015 808 1057 850 di
1094 810 1193 862 quel
1233 813 1480 853 monastero
1522 809 1564 851 in
1608 813 1760 863 questo
1794 811 1889 853 Col-

123 874 237 928 legio
278 875 540 929 Praghense.
604 875 663 916 Et
702 874 859 928 perche
899 873 959 916 mi
998 888 1103 928 pare
1145 889 1250 917 aver
1291 875 1451 918 sentito
1495 875 1610 917 dalla
1649 876 1784 918 bocca
1821 877 1889 918 (161

124 939 175 982 R.
199 939 246 982 P.
270 939 432 982 Natale
447 940 475 991 2,
511 940 588 981 che
620 939 684 981 sia
706 941 829 981 tanto
856 938 1052 993 applicar
1073 954 1159 981 una
1182 954 1282 982 cosa
1305 941 1392 982 alla
1414 940 1691 994 Compagnia‚
1726 944 1888 994 quanto

125 1005 212 1046 alla
234 1004 362 1047 Sedia
383 1004 636 1059 Apostolica
651 1007 680 1055 3,
715 1017 841 1058 spero
870 1003 948 1045 che
970 1004 1013 1045 in
1037 1008 1188 1057 queste
1220 1005 1426 1047 faccende
1458 1008 1502 1047 61
1533 1020 1715 1060 procure
1747 1006 1788 1048 10
1811 1021 1889 1048 6011

123 1070 249 1112 fuora
283 1070 321 1111 d'
341 1070 442 1123 ogni
472 1069 660 1124 pericolo
703 1069 816 1110 della
848 1068 1092 1120 coscienza,
1136 1070 1377 1112 ancorache
1408 1070 1581 1112 innanzi
1611 1071 1655 1112 16
1688 1070 1890 1125 dispensa

125 1135 189 1177 sia
232 1135 347 1177 fatta
390 1136 543 1188 questa
585 1133 936 1188 incorporazione
979 1134 1114 1176 Reale
1154 1149 1232 1189 per
1274 1136 1302 1177 l'
1325 1135 1516 1178 autorita
1560 1136 1674 1177 della
1717 1136 1889 1179 Maesta

126 1200 281 1254 Regia,
316 1201 359 1242 16
391 1200 516 1253 quale
548 1214 652 1241 sono
684 1198 796 1241 161111
829 1199 931 1241 anni
963 1199 1040 1241 che
1072 1200 1128 1241 116
1160 1203 1400 1253 governato
1432 1215 1511 1255 per
1542 1215 1600 1242 un
1630 1201 1888 1255 Capitanio4

125 1266 224 1319 quel
260 1267 509 1307 monastero
542 1268 585 1307 et
617 1264 834 1319 applicato
866 1264 897 1306 li
927 1264 1026 1306 beni
1067 1265 1154 1307 6116
1195 1280 1367 1308 camera
1398 1266 1615 1308 Boemica.
1682 1265 1769 1308 Ora
1802 1267 1889 1309 Sua

124 1331 295 1374 Maesta
327 1330 361 1372 si
395 1333 621 1379 contenta,
667 1330 743 1372 0116
775 1344 853 1384 per
883 1344 1027 1372 mezzo
1061 1330 1174 1372 della
1206 1331 1256 1373 R.
1288 1331 1334 1374 P.
1367 1332 1419 1374 V.
1454 1331 1693 1373 cerchiamo
1726 1332 1769 1373 16
1801 1331 1888 1373 (116-

122 1410 258 1450 pensa
291 1396 331 1438 di
365 1397 451 1438 8116
483 1395 666 1445 86111116,
702 1395 780 1437 0116
813 1395 943 1448 (1116111
976 1396 1073 1437 beni
1105 1396 1149 1437 111
1179 1399 1389 1450 perpetuo
1421 1396 1542 1439 siano
1574 1396 1839 1450 incorporati
1862 1411 1888 1439 6

123 1463 275 1514 questo
308 1461 509 1514 Collegio.
572 1461 659 1502 Pur
689 1463 805 1503 temo
838 1461 916 1502 che
949 1461 1036 1503 Sua
1067 1461 1239 1504 Maesta
1271 1462 1438 1504 avendo
1470 1464 1596 1505 tanto
1629 1462 1699 1515 qui
1734 1463 1788 1504 (16
1820 1462 1888 1504 far

122 1529 166 1568 61
198 1526 353 1569 stando
385 1529 510 1569 tanto
541 1540 648 1581 poco
680 1528 825 1580 tempo
847 1526 890 1568 in
912 1526 1069 1580 Praga,
1103 1527 1260 1581 perche
1292 1528 1425 1570 molto
1457 1527 1618 1570 festina
1649 1527 1736 1570 alla
1758 1527 1888 1570 Dieta

121 1590 343 1645 imperiale
377 1593 420 1633 et
452 1591 789 1642 Ratisbonense,
831 1605 916 1633 non
948 1593 1076 1646 potra
1117 1606 1194 1646 per
1235 1592 1388 1634 adesso
1431 1592 1627 1646 espedire
1669 1593 1737 1634 del
1768 1595 1886 1635 tutto

120 1727 279 1769 stranda,
305 1727 356 1761 ita
382 1730 422 1761 ut
446 1728 605 1772 ipsorum
627 1728 685 1769 sit,
712 1727 831 1762 debita
850 1727 1005 1771 exigere,
1033 1740 1139 1771 agros
1158 1728 1285 1769 colere,
1312 1731 1518 1763 construere
1537 1741 1628 1773 quae
1647 1730 1886 1764 construenda

120 1783 224 1815 erunt
243 1783 310 1815 610.
326 1782 335 1801 ¹
369 1780 489 1824 Atque
506 1780 595 1814 haec
613 1780 731 1814 omnia
748 1782 892 1815 nostrae
910 1781 1080 1815 utilitatis
1099 1783 1135 1815 et
1153 1782 1416 1816 commoditatis
1435 1783 1552 1825 gratia
1570 1782 1662 1816 fiunt
1673 1796 1680 1823 ;
1707 1785 1884 1817 monaste-

119 1834 212 1868 rium
238 1834 331 1867 enim
358 1834 447 1868 illud
464 1833 672 1877 longissime
691 1845 712 1868 6
728 1833 830 1868 1101016
854 1834 975 1876 (116161,
1002 1836 1038 1868 61
1055 1835 1156 1869 labor
1173 1835 1267 1869 foret
1283 1834 1529 1877 intolerabilis,
1556 1835 1654 1870 hisce
1672 1836 1885 1881 praesertim

118 1887 207 1921 locis
233 1889 269 1920 et
293 1887 524 1932 temporibus
550 1886 683 1921 nostris
708 1887 879 1932 impensis
906 1887 1022 1922 colere
1049 1890 1085 1922 et
1111 1900 1255 1929 curare,
1295 1900 1529 1933 quaecunque
1556 1890 1600 1923 ad
1626 1890 1884 1924 monasterium

119 1940 208 1974 illud
234 1940 424 1985 pertinent.
466 1939 570 1974 Nunc
597 1940 738 1974 assidue
764 1952 946 1984 urgemus,
972 1945 1014 1975 ut
1039 1943 1185 1986 pactum
1210 1941 1276 1975 hoc
1302 1941 1522 1976 serenissimi
1546 1943 1643 1986 regis
1671 1943 1884 1977 auctoritate

119 1993 164 2027 ad
190 2005 369 2027 summum
395 1992 600 2038 pontificem
625 1994 791 2027 mittatur
815 2005 886 2028 una
913 2006 993 2028 cum
1019 1994 1140 2029 libello
1166 1995 1338 2040 supplici,
1375 2007 1444 2039 quo
1470 1996 1625 2030 facultas
1652 1995 1787 2040 petitur
1811 2007 1883 2029 mo-

119 2046 269 2080 nasterii
294 2046 390 2080 illius
417 2046 566 2089 collegio
593 2047 762 2091 pragensi
788 2047 1016 2081 attribuendi.
1052 2048 1099 2082 Et
1125 2048 1208 2092 quia
1235 2060 1280 2082 ex
1306 2048 1346 2082 R.
1374 2048 1413 2082 P.
1440 2048 1562 2083 Natali
1588 2049 1770 2083 audivisse
1796 2049 1884 2083 mihi

119 2099 243 2133 videor
257 2100 280 2141 ⁴2,
314 2100 408 2133 idem
435 2112 513 2133 esse
539 2100 708 2134 Societati
734 2099 869 2144 aliquid
896 2101 1091 2135 attribuere
1118 2113 1160 2135 ac
1185 2101 1261 2136 sedi
1288 2102 1506 2147 apostolicae
1533 2102 1617 2136 dare
1630 2103 1652 2143 ³,
1680 2114 1736 2136 me
1762 2103 1798 2136 in
1824 2115 1881 2137 116-

120 2153 228 2196 gotiis
253 2152 352 2186 hisce
379 2155 415 2186 61
440 2152 664 2198 pactionibus
683 2154 727 2188 ab
746 2154 840 2187 omni
859 2154 1100 2188 conscientiae
1117 2155 1275 2200 periculo
1293 2155 1487 2189 immunem
1505 2155 1581 2190 fore
1599 2168 1714 2201 spero,
1741 2156 1882 2190 etiamsi

118 2217 245 2250 reapse
272 2206 486 2240 auctoritate
512 2206 612 2249 regia
639 2206 729 2240 bona
755 2206 817 2240 illa
841 2207 943 2241 nobis
978 2208 1153 2242 attributa
1188 2209 1278 2249 sint,
1318 2211 1509 2253 antequam
1544 2209 1708 2254 pontifex
1743 2210 1882 2254 dispen-

117 2262 245 2293 sasset.
296 2259 353 2293 Ex
378 2259 502 2293 multis
529 2260 631 2293 annis
657 2271 720 2304 per
745 2260 987 2294 centurionem
1016 2261 1192 2305 quendam
1219 2274 1283 2295 rex
1318 2263 1574 2296 monasterium
1608 2262 1697 2297 illud
1735 2263 1881 2296 admini—

116 2312 250 2346 stravit
275 2312 422 2356 eiusque
448 2313 541 2346 bona
567 2324 729 2347 camerae
756 2314 961 2348 bohemicae
988 2314 1154 2348 attribuit
1169 2316 1192 2349 4.
1243 2315 1345 2349 Nunc
1372 2318 1492 2350 autem
1520 2316 1551 2350 ei
1576 2316 1696 2360 placet
1721 2328 1786 2351 nos
1820 2328 1883 2361 per

116 2364 157 2399 R.
185 2365 224 2399 P.
252 2365 294 2400 V.
322 2377 342 2399 a
368 2377 506 2399 summo
532 2366 699 2410 pontifice
726 2367 1029 2411 dispensationem
1055 2369 1197 2412 petere,
1234 2380 1303 2412 qua
1339 2369 1430 2403 bona
1464 2368 1526 2403 illa
1562 2369 1710 2413 collegio
1737 2369 1820 2404 huic
1846 2370 1879 2404 in

115 2420 327 2463 perpetuum
351 2419 606 2453 attribuantur.
643 2420 813 2453 Attamen
831 2420 949 2462 timeo,
978 2423 1017 2454 ut
1034 2432 1109 2462 rex,
1136 2421 1300 2466 plurimis
1318 2421 1375 2456 hic
1394 2422 1686 2467 occupationibus
1705 2423 1881 2458 distentus

115 2472 151 2504 et
185 2483 248 2515 per
277 2471 531 2506 brevissimum
566 2474 708 2517 tempus
734 2473 874 2516 Pragae
908 2485 1101 2508 mansurus
1126 2493 1172 2497 -—
1200 2474 1306 2509 valde
1342 2475 1434 2509 enim
1471 2475 1621 2509 festinat
1655 2476 1699 2509 ad
1736 2475 1880 2511 comitia

115 2523 254 2568 imperii
272 2524 490 2559 Ratisbonae
516 2525 680 2559 habenda
705 2546 750 2549 —
777 2526 844 2560 1100
870 2527 1054 2570 negotium
1080 2539 1174 2562 nunc
1202 2528 1389 2562 absolvere
1408 2529 1531 2573 possit,
1559 2529 1652 2572 quod
1675 2529 1711 2562 in
1730 2529 1880 2574 collegio

237 2623 246 2642 ¹
273 2622 438 2667 Epistula
463 2624 593 2659 latina:
627 2626 790 2669 „exigere
818 2626 948 2667 debita,
976 2626 1093 2661 locare
1120 2627 1294 2668 subditos,
1322 2639 1427 2670 agros
1455 2628 1570 2661 colere
1597 2630 1632 2661 et
1651 2640 1712 2673 pro
1731 2629 1879 2663 arbitrio

115 2687 191 2710 rem
217 2676 478 2710 oeconomicam
506 2678 791 2713 administrare&

234 2729 246 2748 2
272 2728 437 2773 Epistula
462 2729 593 2765 latina:
634 2731 699 2773 „Et
734 2732 901 2776 quoniam
933 2745 977 2766 ex
1005 2733 1083 2767 Pat.
1110 2733 1240 2767 Natalc
1276 2746 1394 2767 coram
1431 2734 1612 2774 intellexi,
1648 2746 1739 2778 quae
1766 2734 1877 2779 appli-

114 2783 241 2816 cantur
267 2782 481 2816 auctoritate
516 2783 712 2818 saecularis
739 2785 918 2830 Principis
944 2789 1087 2820 nostrae
1115 2786 1303 2827 societati,
1340 2787 1485 2832 perinde
1521 2799 1558 2821 sc
1584 2787 1737 2829 habere,
1776 2799 1818 2822 ac
1847 2788 1877 2822 si

113 2834 190 2869 sedi
217 2835 445 2879 Apostolicac
471 2835 678 2881 adjudicata
704 2837 889 2872 fuissent.“

233 2888 245 2907 ³
271 2888 347 2922 Hoc
374 2890 470 2922 certe
496 2888 590 2922 haud
616 2890 666 2923 ita
692 2890 796 2934 plane
823 2893 879 2925 est
904 2891 1058 2932 dictum3
1085 2892 1177 2935 quod
1205 2892 1409 2926 accuratius
1437 2893 1618 2938 explicare
1644 2893 1790 2938 longum
1809 2897 1875 2929 est.

115 2940 281 2975 Ceterum
307 2941 391 2985 quid
418 2941 505 2975 iuris
532 2953 572 2975 ac
598 2943 790 2986 potestatis
816 2943 1063 2978 Ferdinandus
1098 2944 1133 2977 in
1169 2945 1384 2979 monasterio
1410 2945 1489 2987 illo,
1526 2958 1545 2980 a
1573 2946 1699 2981 Carolo
1727 2948 1786 2982 [V.
1814 2948 1875 2981 im-

113 2995 277 3038 peratore
303 2996 339 3028 et
356 2994 548 3028 Bohemiae
575 3007 659 3038 rege
686 2996 769 3029 olim
788 2996 939 3037 condito,
966 2997 1142 3034 habuerit.
1170 3010 1263 3031 nunc
1282 3001 1407 3032 exacte
1426 2999 1572 3033 definire
1591 3000 1737 3034 difficile
1756 3001 1876 3035 fuerit.

114 3046 281 3081 Ceterum
308 3048 398 3088 vide,
427 3059 517 3091 quae
544 3048 637 3082 infra
663 3048 865 3083 scribentur
892 3049 926 3083 in
954 3050 1108 3094 epistula
1136 3050 1269 3084 Canisii
1298 3052 1350 3085 11.
1378 3052 1469 3085 1111111
1498 3052 1586 3087 1556
1613 3053 1706 3088 data.

233 3101 246 3120 4
271 3100 517 3134 Ferdinandus
543 3101 624 3135 inde
651 3102 694 3135 ab
713 3113 744 3135 a.
767 3102 851 3135 1551
882 3102 917 3135 id
942 3103 1038 3144 fecit,
1066 3114 1172 3148 opera
1193 3105 1297 3137 utens·
1317 3104 1434 3139 iacobi
1454 3105 1495 3139 de
1515 3105 1619 3150 Haag
1641 3107 1874 3152 „capitanei“.

113 3152 205 3187 Vide
230 3153 335 3195 infra,
362 3154 553 3199 epistulam
582 3155 634 3189 11.
663 3155 753 3189 lunii
783 3156 871 3189 1556
899 3155 942 3189 ad
970 3155 1004 3190 S.
1032 3156 1211 3199 Ignatium
1239 3157 1369 3192 datam.
