2113 3430
226 207 310 247 666
550 201 706 235 Monum.
737 200 984 244 (coloniensia)
1016 200 1069 235 12.
1099 201 1170 246 (26.
1197 202 1291 237 Iunii
1315 204 1352 237 et
1376 203 1408 237 8.
1435 203 1514 238 Ι11111
1544 204 1660 248 1545.)

343 318 485 353 Similes
510 318 663 359 litterae,
690 318 721 353 si
738 317 920 352 historicis
939 317 1152 362 quibusdam
1170 317 1266 352 credi
1284 320 1414 363 potest,
1441 330 1461 352 a
1480 318 1750 356 Coloniensibus
1768 321 1812 356 ad
1832 320 1866 356 S.
1886 321 1988 364 Igna-

222 374 311 407 tium
338 372 442 406 datae
472 373 556 406 sunt
590 373 653 405 aut
678 383 770 406 anno
798 372 887 405 1545
923 373 987 405 aut
1011 371 1156 405 ineunte
1185 371 1274 405 1547
1311 373 1374 405 aut
1406 374 1559 416 utroque
1594 385 1685 408 anno
1702 375 1721 409 ¹.
1772 374 1876 409 Nunc
1903 386 1988 409 vero

223 437 337 470 neque
364 424 536 459 eiusmodi
561 424 705 459 litterae
731 436 847 469 neque
872 424 1005 469 Ignatii
1031 424 1207 469 rescripta
1233 424 1402 458 videntur
1428 436 1627 470 superesse.

1065 535 1149 577 12.

841 621 897 657 26.
924 619 1019 656 Iunii
1045 622 1082 657 et
1108 621 1140 657 8.
1167 619 1253 657 Iulii
1279 620 1373 657 1545.

343 703 398 737 Ex
425 703 606 748 excerptis
632 703 851 747 Kritcradte',
879 702 921 737 de
948 702 1077 747 quibus
1106 714 1217 748 supra
1242 715 1396 738 monum.
1425 705 1457 739 9.

342 757 460 791 Etiam
487 757 521 790 in
549 756 669 791 codice
695 756 896 802 parisiensi,
923 756 966 790 de
993 768 1061 801 quo
1088 756 1229 791 ibidem.

342 811 446 855 Apud
473 811 685 844 ch·t.2·]ze1‘nz
694 837 704 854 ,
740 809 964 844 Bibliotheca
998 821 1031 855 p.
1058 810 1125 844 267
1168 822 1231 852 „ex
1257 809 1333 845 Lib.
1360 810 1405 845 Π.
1431 811 1604 845 Actorum
1638 822 1762 846 sacrae
1792 812 1990 847 Facultatis

222 863 460 907 Theologicae
486 875 566 909 pag.
595 864 685 905 56.“‚
713 865 749 897 et
773 863 868 909 apud
894 864 994 897 Riess
1018 863 1041 897 l.
1070 875 1098 897 c.
1126 875 1159 908 p.
1187 863 1327 898 53—54
1353 864 1389 898 in
1415 864 1536 898 adnot.

344 947 381 993 a)
414 948 551 984 154521.
600 946 678 984 Sub
699 946 749 983 M.
771 946 970 983 Euerardo
992 945 1110 983 Billik
1139 946 1300 984 Decano
1329 946 1568 984 Prouinciali
1597 947 1673 985 FF.
1695 947 1991 985 Carmelitarum

225 1008 274 1044 26
305 1005 412 1055 Junij
450 1005 598 1043 indicta
636 1004 910 1054 Congregatio.
966 1005 1018 1043 M.
1049 1005 1277 1044 Theodoric.
1317 1007 1365 1044 ab
1404 1006 1605 1044 Halueren
1642 1006 1785 1044 Pastor
1819 1006 1854 1044 S.
1884 1006 1991 1044 Petri

223 1065 496 1115 praesentauit
531 1065 579 1102 ad
617 1065 808 1102 lecturam
843 1064 996 1101 Bibliae
1026 1066 1047 1101 2
1078 1064 1235 1102 Artium
1273 1065 1487 1114 Magistros
1525 1065 1726 1103 Ewaldum
1756 1079 1779 1103 a
1807 1065 1990 1111 Nouesio,

224 1128 263 1162 et
290 1125 450 1162 Petrum
480 1124 679 1162 Ganisium
707 1123 937 1172 Nouiomag.
977 1126 1091 1161 extra
1128 1126 1282 1174 tempus
1313 1128 1352 1162 et
1380 1128 1538 1174 praeter
1577 1124 1898 1163 consuetudinem
1928 1125 1990 1162 ad-

224 1184 334 1222 missi
363 1183 536 1232 gratiose
557 1186 716 1233 propter
744 1196 852 1232 spem
881 1182 1111 1220 eruditionis
1141 1196 1240 1232 quae
1269 1183 1309 1220 in
1339 1183 1394 1221 eis
1415 1185 1632 1234 apparebat
1651 1185 1797 1229 futura,
1828 1183 1992 1232 denique

224 1247 263 1281 et
302 1256 388 1281 cum
417 1244 468 1281 M.
498 1243 615 1281 Petro
645 1242 802 1281 Oanisio
842 1254 960 1292 super
997 1245 1128 1280 aetate
1167 1255 1282 1292 quam
1321 1245 1469 1281 statuta
1502 1243 1721 1282 Facultatis
1759 1243 1989 1292 requirunt²

226 1302 302 1341 fuit
332 1301 638 1352 dispensatumh.
694 1302 804 1339 Haec
836 1303 885 1339 26
915 1301 1036 1351 Junij.

344 1390 553 1425 Hartzheim
580 1401 625 1423 ex
651 1390 742 1423 actis
767 1400 876 1434 supra
902 1388 1047 1433 scriptis
1070 1388 1207 1433 profert
1233 1389 1548 1432 congregationem
1571 1388 1665 1423 hanc
1682 1388 1869 1423 facultatis
1894 1388 1991 1423 theo-

225 1443 363 1488 logicae
402 1444 457 1486 π111
494 1443 682 1477 Conventa
716 1442 883 1476 Fratrum
918 1441 1214 1476 Praedicatorum
1249 1454 1312 1487 per
1347 1442 1656 1477 Vice-Decanum“
1694 1442 1865 1476 indictam
1900 1453 1991 1476 esse.

224 1497 331 1532 Errat
357 1500 477 1532 autem
502 1496 663 1531 scribens
689 1495 724 1529 id
750 1507 842 1529 anno
870 1495 961 1529 1543
987 1495 1123 1529 factum
1151 1507 1248 1536 esse;
1275 1507 1376 1537 nam,
1412 1496 1446 1530 id
1479 1496 1572 1540 quod
1599 1498 1634 1530 et
1669 1496 1746 1541 ipse
1780 1495 1988 1530 Hartzheim

225 1551 406 1592 concedit,
442 1549 624 1584 Everardo
652 1549 782 1583 Billick
809 1549 942 1582 decano
968 1548 1003 1582 id
1031 1548 1170 1590 evenit;
1209 1548 1334 1583 decani
1360 1551 1480 1583 autem
1506 1549 1662 1583 officium
1699 1549 1801 1583 annis
1830 1549 1919 1583 1543
1955 1551 1992 1583 et

228 1605 319 1638 1544
349 1604 492 1638 Ioannis
519 1602 678 1648 Stempel
713 1602 825 1636 fuisse
853 1604 887 1635 et
913 1613 1005 1636 anno
1042 1602 1184 1635 demum
1212 1602 1302 1636 1545
1337 1602 1381 1636 ad
1416 1602 1638 1636 Everardum
1666 1602 1796 1636 Billick
1832 1601 1990 1636 delatum

225 1669 304 1692 esse
330 1660 366 1691 et
392 1657 577 1691 Kritzradt
603 1659 639 1690 et
665 1656 835 1690 Brewer3
861 1667 905 1689 ex
932 1655 1024 1689 actis
1050 1654 1236 1689 facultatis
1262 1655 1485 1699 theologicae
1511 1657 1779 1700 excerpserunt.

345 1710 587 1745 Consulebant
605 1709 640 1743 in
666 1721 708 1743 ea
733 1708 1011 1753 congregatione
1035 1708 1077 1742 de
1096 1708 1241 1742 Ewaldo
1269 1711 1305 1743 et
1323 1708 1466 1742 Canisio
1492 1709 1537 1742 ad
1563 1708 1841 1743 baccalariatum
1872 1707 1991 1751 „bibli—

226 1765 324 1798 cum“
356 1763 598 1798 admittendis.
638 1762 837 1797 Baccalarii
865 1762 958 1796 enim
985 1774 1048 1807 per
1075 1762 1218 1806 aliquod
1244 1764 1397 1807 tempus,
1422 1774 1492 1796 uno
1516 1761 1573 1796 vel
1591 1761 1754 1807 pluribus
1783 1761 1986 1804 „cursibus‘

225 1837 271 1841 ——-
296 1818 375 1852 ideo
415 1818 617 1859 „cursores“
654 1816 877 1850 vocabantur
901 1835 947 1839 --
978 1827 1118 1850 sacram
1146 1814 1366 1860 Scripturam
1400 1818 1435 1849 et
1462 1815 1588 1849 deinde
1628 1815 1862 1858 „sententias“
1894 1815 1991 1849 Petri

226 1870 414 1905 Lombardi
449 1870 679 1915 interpretari
714 1869 909 1910 debebant,
944 1870 985 1903 ut
1015 1868 1226 1911 „licentiaffl
1266 1869 1470 1913 theologiae
1495 1869 1572 1903 fieri
1602 1870 1767 1913 possent;
1803 1869 1992 1913 propterea

225 1924 417 1959 baccalarii
444 1924 504 1958 alii
536 1924 709 1966 „biblici“‚
737 1923 797 1957 alii
828 1922 1089 1965 „sententiarii“
1121 1922 1406 1967 appellabantur.

347 1977 512 2011 Canisius
538 1977 665 2021 igitur,
702 1976 888 2011 facultatis
922 1976 1022 2019 leges
1049 1977 1245 2017 servans⁴‚
1275 1975 1533 2010 Theodoricum
1558 1975 1663 2009 Hake
1698 1975 1760 2017 „ab
1786 1974 1986 2009 Halvemn‘

227 2031 440 2074 magistrum
466 2031 534 2065 sibi
569 2030 745 2073 elegerat,
787 2029 870 2072 „sub
906 2041 975 2073 quo
1009 2029 1183 2074 inciperet
1217 2029 1370 2074 primum
1405 2041 1569 2070 cursum,
1604 2032 1640 2063 et
1665 2028 1754 2063 alios
1784 2030 1887 2063 actus
1913 2039 1992 2062 con-

227 2085 437 2128 sequenter“
446 2111 453 2118 .

346 2167 385 2210 b)
417 2166 556 2213 [1545]
587 2166 609 2202 8
639 2165 734 2214 Julij
765 2178 930 2203 exorsus
968 2168 1029 2203 est
1065 2165 1146 2214 jam
1185 2178 1295 2203 suam
1332 2165 1541 2203 lectionem
1575 2177 1644 2202 seu
1678 2163 1911 2214 principium
1949 2163 1988 2200 in

229 2225 359 2263 Biblia
388 2225 579 2274 Magister
608 2225 749 2262 Petrus
782 2224 997 2263 Canisius⁰.

347 2307 446 2341 Haec
473 2319 516 2341 ex
549 2306 695 2349 „AnnaL
723 2306 921 2350 [facultatis
947 2306 1170 2350 theologicae
1195 2305 1420 2350 coloniensis]
1447 2305 1490 2339 11.
1517 2305 1576 2340 fol.
1605 2306 1648 2340 56
1674 2317 1708 2350 p.
1727 2305 1766 2338 2⁸⁴
1799 2304 1907 2338 etiam
1933 2315 1992 2337 ex-

228 2363 352 2405 cerpta
378 2362 463 2394 sunt
489 2362 643 2394 exeunte
669 2359 744 2394 fere
770 2360 914 2394 saeculo
941 2359 1071 2394 XVIII.
1100 2371 1120 2394 a
1146 2359 1185 2393 P.
1213 2360 1362 2394 Ne'colao
1387 2360 1531 2393 Brezcer
1557 2358 1598 2393 O.
1626 2358 1683 2392 Er.
1711 2358 1744 2392 S.
1772 2358 1891 2401 Aug.·'·

347 2488 361 2502 ⁸
386 2482 474 2517 1645
503 2483 706 2516 Kritzradt.

347 2535 360 2554 b
388 2536 469 2570 Cod.
491 2537 608 2579 paris.
635 2536 720 2568 haec
745 2541 824 2569 acta
853 2547 923 2569 non
949 2540 1021 2568 tam
1047 2536 1094 2568 ad
1122 2536 1261 2568 verbum
1288 2536 1404 2568 reddit
1430 2546 1536 2578 qnam
1562 2536 1609 2567 acl
1633 2536 1850 2568 sententiam.

346 2595 357 2608 ⁰
383 2589 403 2623 8
430 2589 506 2623 iulii
532 2589 662 2623 Petrus
689 2588 853 2623 Canisius
880 2600 1030 2623 exorsus
1057 2591 1112 2622 est
1138 2587 1350 2633 principium
1377 2588 1413 2622 in
1440 2588 1555 2621 Biblia
1583 2589 1793 2631 (·0cl.pcc1·1's.

351 2713 360 2732 ¹
391 2713 611 2745 Orlamlfnns
637 2711 658 2745 l.
687 2723 715 2745 c.
743 2711 765 2745 l.
792 2712 824 2752 4,
851 2723 883 2744 n.
908 2711 965 2745 40.
1001 2712 1208 2754 Sacc-himas,
1236 2710 1320 2744 Can.
1347 2722 1380 2754 p.
1400 2710 1456 2744 35
1492 2712 1656 2753 Doriyny
1682 2709 1703 2744 l.
1732 2721 1760 2743 c.
1787 2721 1819 2753 p.
1839 2708 1990 2742 59—60.

230 2767 367 2809 Python
393 2765 414 2799 l.
443 2777 472 2799 c.
508 2777 540 2809 p.
567 2765 624 2798 46.
674 2765 897 2808 Reiffenbery
922 2764 944 2798 l.
972 2776 1001 2798 c.
1035 2776 1068 2808 p.
1096 2764 1246 2798 24—25.
1299 2765 1431 2797 Positio
1465 2775 1574 2808 super
1608 2763 1802 2797 virtutibus
1829 2760 1990 2806 [Canisii]

234 2818 382 2862 (Romae
411 2818 516 2861 1833)
546 2818 680 2852 Summ.
707 2830 739 2862 p.
769 2818 824 2851 77.

348 2872 362 2892 ²
392 2872 615 2913 „luramenta
641 2871 842 2905 communia
868 2882 888 2904 a
915 2870 1137 2911 cursoribus,
1174 2870 1322 2904 Biblicis
1349 2872 1385 2903 et
1410 2869 1660 2903 Sententiariis
1696 2871 1887 2912 antequam
1915 2878 1991 2911 pro-

232 2928 441 2958 moveantur
463 2925 636 2969 juranda:
673 2952 679 2958 .
709 2951 716 2958 .
744 2951 750 2958 .
779 2924 868 2957 Item
900 2924 994 2968 quod
1029 2924 1217 2967 attigerint
1252 2923 1462 2957 vicesimum
1498 2922 1661 2966 quintum
1692 2932 1822 2956 annum
1849 2920 1987 2954 etatisf

304 3005 309 3011 .
342 2978 532 3019 „Cursores
559 2980 750 3021 antequam
786 2977 958 3022 incipiant
992 2988 1118 3011 cursus
1145 2988 1227 3010 suos
1263 2988 1326 3021 per
1351 2988 1417 3010 sex
1443 2987 1554 3009 annos
1589 2975 1734 3010 audiant
1764 2973 1990 3016 theologiam.

233 3058 238 3063 .
260 3057 266 3063 .
288 3057 294 3063 .
321 3031 433 3064 salvis
452 3031 651 3075 privilegiis
677 3030 945 3073 religiosorum*
976 3029 1136 3073 (Statuta
1155 3029 1339 3063 facultatis
1357 3029 1579 3072 theologicae
1598 3026 1827 3062 coloniensis:
1855 3027 1991 3059 Ba'anw

232 3082 254 3115 l.
283 3095 310 3115 c.
340 3084 363 3118 l.
391 3084 470 3117 Aul.
498 3096 530 3128 p.
559 3084 707 3118 37—38.
727 3083 800 3127 43).
902 3085 914 3102 ³
940 3083 992 3117 Cf.
1020 3083 1124 3123 infra,
1151 3083 1270 3117 adnot.
1298 3083 1328 3116 5.
1428 3084 1439 3102 ‘¹
1466 3083 1603 3116 Βίαησο
1625 3081 1647 3114 l.
1675 3092 1704 3115 c.
1724 3081 1749 3120 l,
1775 3078 1855 3112 Anl.
1883 3091 1915 3123 p.
1935 3079 1990 3112 38.

351 3137 363 3153 ³*
391 3135 472 3169 le.
500 3139 516 3154 *
534 3137 678 3177 „AnnaL
708 3136 813 3171 theol.
843 3136 1094 3171 lima-1662*
1127 3148 1157 3180 p.
1187 3136 1240 3170 70.
1285 3135 1451 3169 Coloniae
1477 3135 1512 3168 in
1539 3134 1684 3168 archivo
1709 3131 1878 3166 historico
1906 3131 1990 3165 civi-

232 3188 329 3228 tatis,
361 3188 451 3230 sign.
484 3189 608 3229 v.['niv.
636 3189 677 3222 N.
709 3191 784 3223 14⁸.
