2113 3430
611 180 673 215 ΙΙΙ.
708 179 933 215 Prooemium
960 180 1116 225 speciale
1142 179 1248 226 primi
1274 180 1478 215 voluminis.
1758 197 1925 225 XXXVII

159 296 203 334 in
232 295 443 334 certamine
474 295 520 333 de
542 294 698 334 Oanisio
729 296 913 347 episcopo
943 296 1148 335 wiennensi
1177 296 1450 335 constituendo
1470 300 1530 335 ter
1557 297 1739 336 instituto
1770 297 1926 347 egregie

160 356 296 404 fulget.

280 418 362 457 Nec
392 419 533 457 desunt
561 432 624 457 res
653 433 793 466 novae,
824 433 922 469 quae
951 419 1000 458 ad
1029 420 1246 470 complures
1275 420 1506 458 homines
1535 420 1684 459 illius
1714 421 1924 466 aetatis,

158 478 226 527 qui
255 481 323 516 aut
350 478 544 527 praeclari
574 481 642 516 aut
661 478 801 517 famosi
821 478 989 517 nominis
1010 483 1113 525 sunt,
1143 479 1282 516 melius
1303 479 1596 527 cognoscendos
1615 479 1770 518 iuvent:
1801 480 1927 518 Maxi-

158 537 361 574 milianum
374 537 426 575 Π.
442 550 653 584 caesarem,
674 538 873 576 Ruardum
887 538 1121 587 Tapperum⁷
1141 537 1344 576 Nicolaum
1359 537 1555 584 Eschium,
1576 538 1762 577 Iacobum
1776 540 1924 583 Ionam,

159 596 348 634 Ioannem
376 596 581 634 Albertum
610 596 983 643 VVidmanstadium,
1024 596 1238 646 Casparum
1276 597 1533 643 Bruschium,
1575 596 1822 635 Guilielmum
1854 598 1926 636 Po-

159 655 328 701 stellum,
358 654 522 692 Paulum
552 656 799 702 Scalichium,
829 656 1033 693 Nicolaum
1062 655 1228 693 Politem
1258 658 1331 694 etc.

279 719 471 758 Volumen
500 724 677 758 nostrum
705 723 858 758 aestate
890 720 982 757 anni
1014 721 1115 758 1556
1144 720 1397 767 terminatur,
1437 733 1482 759 eo
1520 720 1700 758 nimirum
1737 724 1924 771 tempore,

158 791 234 827 quo
265 778 413 816 Canisii
440 778 523 817 vita
553 783 592 817 et
620 792 684 817 res
713 779 835 817 totius
857 778 1067 817 Societatis
1095 779 1186 817 Iesu
1207 779 1319 828 quasi
1348 778 1641 828 distinguuntur
1667 783 1782 829 atque
1810 780 1926 818 inter-

157 841 406 887 punguntur:
448 839 480 876 7.
519 838 622 876 Iunii
661 840 761 876 1556
793 838 961 876 Sanctus
999 838 1180 887 Ignatius
1216 838 1258 876 in
1290 838 1486 876 Societate
1524 838 1767 888 provinciam
1810 838 1925 886 „Ger-

159 896 314 934 maniae
352 897 586 946 superioris“
630 897 835 935 constituit
873 910 919 935 ac
952 897 1150 935 Oanisium
1187 897 1353 947 primum
1391 897 1473 935 eius
1516 897 1806 947 „praepositum
1839 911 1926 947 pro-

157 955 389 993 vincialem*
424 957 592 1002 ereavit;
624 958 685 995 31.
714 956 804 994 Iulii
835 957 936 994 1556
966 956 1145 1005 Ignatius
1173 956 1258 1006 ipse
1287 956 1337 994 ad
1365 969 1530 1006 superos
1560 956 1744 995 evolavit.

280 1020 460 1059 Canisius
490 1020 772 1071 amplissimum
800 1034 940 1058 munus
979 1024 1119 1059 nactus
1158 1025 1196 1058 et
1228 1020 1339 1070 quasi
1368 1021 1408 1059 in
1437 1021 1517 1059 alto
1548 1021 1782 1060 candelabro
1813 1021 1926 1060 collo·

157 1082 273 1117 catus
303 1093 493 1128 quaenam
522 1079 777 1129 praestiterit,
806 1079 1090 1129 posterioribus
1119 1079 1380 1118 voluminibus
1409 1080 1665 1119 enarrabitur.
