2113 3430
210 195 264 236 92
454 192 485 225 6.
523 190 688 226 Canisius
714 191 868 236 Georgio
894 191 937 226 de
964 190 1151 235 Skodborg
1179 191 1415 237 (Appendix).
1453 193 1485 228 3.
1512 193 1605 228 1111111
1631 193 1732 229 1543.

208 308 295 343 Erat
329 309 378 349 is,
413 309 445 343 si
471 308 620 353 Iosepho
655 307 890 342 Hartzheim¹
924 307 1069 342 credere
1104 307 1209 349 licet,
1246 307 1378 342 Canisii
1414 311 1450 343 et
1483 308 1578 344 Surii
1616 310 1900 352 „contubernalis
1935 313 1971 345 et

207 361 474 396 conmiensalis“
505 362 599 406 apud
625 362 806 396 Andream
832 361 952 402 Herll,
989 361 1197 395 canonicum
1224 360 1397 395 ecclesiae
1423 361 1459 396 S.
1483 361 1666 398 Gereonis.
1710 362 1814 398 Certe
1840 363 1971 398 Petrus

205 414 320 448 Faber
354 414 409 449 28.
445 414 658 450 Novembris
696 414 785 448 1543
822 415 866 449 ad
903 414 1085 449 Canisium
1121 416 1156 448 et
1190 414 1367 448 Alvarum
1397 414 1586 450 Societatis
1616 416 1776 451 novicios
1810 416 1971 452 scribens

209 467 283 511 (qui
310 470 396 502 tuno
421 468 515 513 apud
541 468 720 502 Andrean]
745 467 845 502 Herll
872 467 1098 511 habitabant)
1128 479 1188 501 eos
1214 467 1314 502 iubet
1339 467 1508 503 canonico
1526 469 1690 504 Andreae
1721 472 1776 511 „et
1793 470 1971 504 Reveren-

206 520 351 554 dissimo
395 521 536 555 domiuo
579 520 761 556 londensi“
813 532 912 563 „esse
947 520 1281 564 obsequiosissimos
1319 522 1355 554 et
1389 521 1595 556 obedientes
1629 521 1666 556 in
1701 522 1874 557 domino“.
1924 522 1972 558 Et

207 572 372 608 Canisius
407 574 483 618 ipse
519 575 550 608 5.
578 574 760 608 Februarii
798 575 887 608 1545
925 573 1069 608 Colonia
1104 573 1223 608 00111111
1259 574 1435 608 montensi
1469 574 1630 609 scribens
1664 574 1758 609 inter
1792 578 1970 620 patronos,

207 637 297 670 quos
315 626 475 661 Societas
498 627 579 662 Iesu
606 627 787 661 Coloniam
814 627 917 661 modo
943 627 1147 661 introducta
1172 627 1303 661 ibidem
1329 626 1470 668 habeat,
1501 626 1715 670 „Georgium
1733 639 1754 662 a
1773 627 1972 673 Schotborg

207 679 525 725 Archiepiscopum
551 681 776 715 Lundensem
804 680 997 714 Primatem
1024 680 1192 714 8110011110Δι
1223 680 1336 725 primo
1366 680 1443 714 loco
1469 680 1662 715 nominat2.

325 732 365 777 g)
397 733 572 768 Melchior
606 734 724 768 Canus
760 733 800 768 O.
836 733 895 767 Pr.
931 733 1143 768 Vallisoleto
1187 733 1241 767 28.
1279 733 1400 768 Martii
1435 732 1556 777 [1556]
1594 734 1768 777 magistro
1803 734 1972 778 Venegas

207 785 295 820 haec
330 786 475 831 scripsit
511 787 554 821 de
589 787 791 821 hominibus
818 786 1026 821 Societatis:
1067 787 1258 828 „Tambien
1293 786 1338 820 he
1373 786 1452 820 oido
1488 787 1584 821 decir
1610 787 1644 821 lo
1670 798 1738 831 que
1764 787 1870 822 de.
1901 799 1969 832 que

208 839 337 882 siguen
363 842 383 874 ai
411 840 505 874 Juan
532 840 709 874 Thaulero
735 852 759 885 y
786 842 806 874 a
832 839 1015 884 Henrique
1040 839 1158 884 Herp;
1184 851 1208 885 y
1236 867 1242 874 .
1264 867 1270 874 .
1291 867 1298 874 .
1320 867 1327 874 .
1354 842 1374 874 a
1401 839 1496 884 Fray
1521 840 1687 885 Baptista
1713 840 1756 874 de
1783 839 1929 874 Crema“
1947 841 1970 875 ³.

207 891 321 926 Mirae
347 892 453 927 huius
479 893 678 928 sententiae
705 904 789 938 pars
814 892 885 933 illa,
912 905 1004 937 quae
1022 893 1220 938 Hal-phium
1248 895 1398 938 spectat,
1425 905 1465 927 eo
1489 893 1701 938 explicatur,
1728 893 1821 937 quod
1848 893 1972 928 eodem

209 956 300 979 anno
332 947 553 980 carthusiani
588 946 809 981 colonienses
848 946 1083 990 „Theologiae
1118 947 1294 992 mysticae
1328 945 1370 980 D.
1398 946 1545 981 Henrici
1570 946 1740 992 Harphii⁴‘
1780 947 1972 981 editionem

209 1010 340 1034 novam
367 999 533 1034 Coloniae
568 1000 603 1034 in
638 1000 754 1034 lucem
781 1000 979 1034 emiserunt
1005 1011 1153 1043 eamque
1181 999 1214 1034 S.
1241 999 1381 1043 Ignatio
1407 1000 1545 1044 totique
1572 999 1743 1034 societati
1769 1000 1849 1034 Iesu
1876 999 1970 1034 dedi-

209 1055 394 1087 caverunt.
446 1053 544 1095 Quae
569 1065 628 1087 res
653 1053 791 1094 suadet,
817 1056 858 1087 ut
883 1053 992 1087 etiam
1018 1065 1150 1093 eorum,
1177 1065 1269 1097 quae
1295 1053 1338 1087 de
1356 1052 1508 1087 Taulero
1534 1053 1668 1098 scripta
1694 1055 1788 1095 sunt,
1815 1053 1970 1098 explica-

209 1105 342 1139 tionem
370 1106 534 1140 Coloniae
561 1118 776 1151 quaeramus
811 1109 848 1140 et
873 1107 1032 1141 dicamus
1059 1106 1252 1140 Taulerum
1277 1118 1369 1140 anno
1399 1106 1489 1140 1543
1515 1106 1651 1140 editum
1677 1117 1756 1141 esse
1782 1117 1803 1140 a
1829 1106 1970 1141 Canisio

209 1159 314 1203 paulo
341 1162 424 1194 ante
450 1160 665 1194 Societatem
691 1160 772 1194 lesu
798 1160 971 1204 ingresso.

328 1212 367 1256 h)
397 1213 561 1248 Canisius
579 1225 619 1248 eo
637 1216 796 1259 tempore
816 1212 982 1248 Coloniae
1007 1213 1043 1246 in
1069 1213 1185 1247 media
1211 1213 1312 1257 quasi
1340 1213 1522 1257 theologia
1547 1213 1703 1258 mystica
1720 1213 1935 1248 versabatur
1946 1214 1972 1249 ⁴.

209 1264 379 1300 Nicolaus
405 1266 577 1308 Eschius,
613 1278 719 1311 quem
753 1266 790 1300 111
824 1267 900 1301 vita
934 1266 1112 1311 spirituali
1146 1267 1360 1310 magistrum
1396 1266 1551 1301 habebat
1580 1278 1790 1310 summeque
1816 1266 1971 1307 amabat,

209 1330 301 1353 anno
323 1319 411 1354 1543
429 1319 557 1354 librum
580 1319 651 1362 „De
669 1320 803 1365 templo
822 1320 980 1354 animae“
1003 1319 1156 1364 primum
1176 1320 1296 1362 edidit,
1323 1320 1425 1364 eique
1443 1331 1546 1354 suam
1569 1319 1761 1364 „isagogen
1779 1331 1843 1354 seu
1861 1319 1970 1353 intro-

209 1371 411 1407 ductionem
438 1373 482 1407 ad
510 1374 623 1408 vitam
649 1373 889 1408 introversam
916 1373 1190 1418 capessendam⁴⁴
1216 1373 1442 1418 praeposuit;
1470 1373 1562 1407 idem
1589 1383 1679 1408 anno
1698 1375 1787 1407 1545
1803 1373 1970 1407 Coloniae

214 1425 466 1469 „Margaritam
495 1427 773 1470 Evangelicam“
803 1439 822 1461 e
848 1427 1053 1470 germanica
1080 1426 1202 1469 lingua
1228 1426 1264 1460 in
1290 1426 1439 1460 latinam
1465 1438 1486 1461 a
1512 1439 1550 1461 se
1575 1427 1791 1461 translatam
1818 1426 1969 1466 edidit⁵;

209 1481 317 1523 atque
343 1491 434 1513 anno
463 1480 553 1514 1548
579 1492 599 1514 a
617 1480 809 1514 Laurentio
828 1479 941 1522 Surio,
969 1479 1102 1514 Canisii
1128 1479 1251 1521 amico,
1280 1479 1445 1514 Coloniae
1471 1492 1541 1514 una
1567 1492 1649 1514 cum
1666 1480 1810 1514 Tauleri
1841 1480 1970 1522 „Exer-

208 1532 304 1566 citiis
339 1533 381 1566 de
416 1533 493 1567 vita
528 1536 564 1567 et
598 1534 763 1579 passione
789 1533 989 1567 Salvatoris
1022 1533 1155 1567 1105111*ι
1195 1533 1291 1567 edita
1316 1535 1401 1567 sunt
1439 1533 1618 1574 „eiusdem
1643 1534 1718 1567 fere
1744 1533 1966 1577 argumenti⁴⁴

214 1585 404 1627 „exercitia
440 1587 614 1630 quaedam
650 1587 739 1629 alia,
777 1586 899 1621 divina
933 1597 1098 1631 prorsus,
1138 1588 1174 1620 et
1199 1597 1290 1630 quae
1325 1586 1532 1631 compendio
1571 1586 1748 1621 hominem
1785 1587 1821 1621 111
1855 1587 1969 1620 Deum

208 1639 464 1673 transformare
491 1642 642 1684 queant,
681 1640 842 1674 Authore
868 1639 911 1674 D.
937 1639 1084 1674 Nicolao
1111 1639 1276 1674 Eschio“.
1335 1640 1454 1684 Atque
1481 1639 1700 1674 carthusiani
1738 1640 1969 1681 colonienses,

208 1704 359 1735 quorum
398 1693 475 1737 „pio
510 1693 761 1728 contuberni&
801 1692 966 1727 Canisius
1000 1693 1160 1734 iuvenis,
1195 1696 1235 1726 ut
1269 1692 1345 1737 ipse
1380 1692 1524 1734 scribit,
1563 1693 1743 1735 „suauiter
1767 1694 1803 1727 in
1830 1693 1969 1727 domino

208 1745 413 1779 s1·uebatur“
432 1746 454 1787 ⁶,
490 1747 557 1781 toti
593 1749 695 1781 erant
727 1746 761 1780 in
788 1746 890 1780 libris
920 1745 1103 1780 eiusmodi.
1154 1745 1261 1780 Tales
1286 1746 1407 1780 Iustus
1434 1746 1699 1790 Landsbergius
1726 1749 1762 1780 et
1789 1746 1970 1780 Gerardus

208 1798 489 1841 Kalckbrenner,
517 1799 728 1834 Carthusiae
747 1799 853 1844 prior,
880 1811 920 1834 eo
947 1799 1022 1833 fere
1042 1802 1202 1844 tempore
1229 1802 1524 1844 composuerunt;
1551 1799 1766 1835 Gertrudem
1791 1800 1826 1833 in
1852 1799 1969 1834 lucem

208 1852 441 1886 emittendam
467 1852 608 1887 curavit
628 1852 905 1896 Landsbergius,
932 1852 1132 1898 Harphium
1160 1853 1279 1886 Bruno
1305 1852 1430 1894 Loher,
1456 1853 1640 1887 versiones
1666 1853 1798 1887 latinas
1815 1853 1970 1890 'Paulel-i.

207 1904 453 1947 Ruisbroehii,
481 1905 628 1941 Susonis
657 1905 922 1950 (1548—1555)
953 1906 1088 1940 Surius.
1130 1905 1294 1939 Canisius
1320 1908 1440 1940 autem
1466 1906 1542 1951 ipse
1567 1908 1725 1941 testatur
1749 1918 1788 1941 se
1814 1908 1899 1940 tunc
1925 1906 1969 1940 ad

207 1958 256 1991 nil
282 1958 398 2002 magis
424 1960 593 1993 affectum
619 1959 730 1993 fuisse
756 1971 864 2004 quam
899 1959 943 1993 ad
974 1959 1184 2004 „mysticam
1222 1959 1440 2002 theologiam
1479 1961 1516 1993 et
1552 1959 1753 2005 spiritualia
1790 1960 1928 1994 studia*
1946 1960 1968 1994 ἵ.

208 2010 331 2045 Mirari
371 2012 482 2055 igitur
526 2024 595 2046 non
636 2024 825 2057 possumus
863 2013 979 2046 virum
1018 2012 1120 2046 illum
1155 2012 1324 2046 librorum
1361 2012 1575 2047 edendorum
1610 2025 1674 2058 per
1708 2015 1819 2047 totam
1856 2013 1969 2047 vitam

208 2064 510 2099 studiosissimum
546 2067 706 2100 conferre
742 2066 851 2100 etiam
877 2065 1035 2100 voluisse
1071 2065 1115 2099 ad
1148 2065 1357 2099 thesaurum
1393 2068 1702 2100 monumentorum
1735 2066 1969 2111 mysticorum

207 2118 420 2161 augendum.
456 2117 555 2159 Quod
581 2122 700 2153 autem
727 2119 833 2153 huius
851 2130 937 2153 suae
964 2118 1130 2153 editionis
1148 2119 1372 2163 postmodum
1391 2119 1527 2153 nullam
1545 2119 1605 2154 vel
1622 2120 1698 2153 fere
1716 2119 1852 2153 nullam
1870 2131 1966 2153 men·

208 2171 340 2205 tionem
366 2171 462 2213 fecit,
488 2172 523 2206 id
550 2184 595 2206 ex
621 2172 730 2206 animi
757 2172 833 2206 eius
859 2172 1073 2206 demissione
1099 2171 1297 2216 explicabis
1323 2172 1381 2206 vel
1407 2172 1527 2217 potius
1553 2184 1597 2207 ex
1628 2184 1678 2214 eo,
1705 2173 1798 2216 quod
1824 2172 1969 2206 videbat

209 2224 402 2259 Taulerum
428 2237 448 2259 a
474 2225 686 2269 quibusdam
713 2225 901 2260 haeresum
927 2225 986 2259 vel
1012 2225 1141 2259 saltem
1167 2237 1326 2259 errorum
1352 2226 1514 2260 accusari
1540 2228 1576 2260 et
1601 2225 1636 2259 in
1662 2225 1838 2259 indicibus
1864 2225 1968 2259 libro-

207 2289 288 2312 rum
313 2278 572 2323 prohibitorum
601 2279 693 2323 poni.

329 2332 381 2366 De
407 2332 474 2366 hac
500 2344 537 2366 re
564 2333 672 2366 etiam
698 2335 843 2377 propter
868 2332 1025 2366 rationes
1050 2331 1352 2376 bibliographicas
1377 2331 1522 2366 uberius
1547 2331 1605 2365 hic
1623 2331 1798 2365 disserere
1821 2330 1967 2375 placuit.

210 2383 320 2419 Primi
347 2385 428 2419 libri
455 2397 475 2419 a
501 2385 679 2419 Societate
706 2386 786 2419 Iesu
813 2386 848 2419 in
874 2384 990 2419 lucem
1017 2385 1139 2419 emissi
1163 2384 1382 2429 putabantur
1408 2396 1487 2418 esse
1515 2383 1790 2426 „Directorium“
1822 2383 1968 2418 Polanci

214 2438 350 2482 (1554),
378 2438 559 2472 Exercitia
585 2437 785 2483 spiritualia
813 2438 847 2472 S.
874 2437 1005 2481 Ignatii
1035 2437 1179 2480 (1543),
1220 2436 1341 2470 Sermo
1368 2437 1511 2480 quidam
1537 2436 1574 2470 in
1600 2436 1748 2471 concilio
1775 2436 1968 2470 tridentino

211 2502 230 2525 a
266 2490 471 2526 Salmerone
506 2492 649 2526 habitus
679 2491 815 2535 (1546).
866 2490 934 2524 Sed
971 2502 1052 2525 ecce
1080 2490 1244 2524 Canisius
1279 2501 1421 2530 omnes,
1456 2491 1631 2534 quotquot
1658 2489 1818 2524 Societas
1844 2489 1969 2524 habuit

209 2544 412 2589 scriptores,
437 2545 553 2579 tribus
579 2545 681 2579 annis
707 2543 941 2589 praevenit!8

334 2703 340 2721 ¹
370 2701 589 2736 Bibliotheca
615 2701 827 2735 coloniensis
853 2713 885 2746 p.
913 2701 981 2735 ‘218
1000 2701 1109 2735 -219,

329 2756 342 2775 ‘-’
368 2755 458 2789 Vide
485 2755 676 2800 epistulam
702 2755 817 2799 ipsam
844 2754 936 2788 infra
963 2766 996 2788 11.
1026 2755 1079 2788 19.
1226 2755 1238 2774 ³
1264 2754 1392 2788 Cartas
1419 2754 1461 2788 de
1489 2757 1561 2788 San
1591 2755 1734 2797 Iynam'o
1762 2753 1803 2794 ΙΙ,
1829 2752 1908 2787 498.

329 2810 340 2827 ⁴
370 2810 503 2841 Paulus
529 2810 672 2851 Drews,
699 2808 853 2852 scriptor
878 2809 1102 2852 protestans:
1143 2806 1234 2849 „Das
1265 2807 1358 2841 muss
1385 2807 1586 2841 anei-kannt
1612 2806 1772 2847 werden,
1800 2805 1878 2839 dass
1904 2805 1966 2839 der

211 2861 386 2903 Jungling
413 2861 606 2904 [canisius]
642 2861 732 2894 noch
768 2863 872 2894 unter
903 2860 971 2893 den
997 2860 1330 2903 verhiiltnismiissig
1356 2860 1481 2894 besten
1507 2860 1708 2894 Einfliissen
1743 2858 1805 2892 der
1841 2857 1964 2892 katho-

209 2913 345 2946 liscben
373 2914 502 2947 lx'ircbe
529 2913 726 2954 aufmxchs,
756 2916 861 2947 unter
887 2913 954 2947 den
981 2913 1183 2947 Einfliissen
1210 2913 1272 2947 der
1297 2912 1447 2958 Mystik.
1476 2940 1482 2947 .
1511 2940 1519 2947 .
1569 2912 1616 2946 Er
1642 2910 1765 2945 erfuhr
1790 2910 1857 2944 den
1883 2910 1964 2944 Ein-

210 2966 292 3000 finss
316 2966 412 2999 eines
432 2966 586 3006 lx'reises,
613 2967 675 3000 der
701 2966 811 3000 durch
839 2966 895 3000 (110
920 2968 1067 3009 sti-enge
1087 2966 1223 3011 Mystik
1243 2966 1322 2999 dem
1341 2965 1616 3000 Jesuitenorden
1641 2963 1965 3007 geistesverwandt

210 3021 303 3052 war'¹
335 3019 481 3061 (Petrus
509 3019 672 3053 canisius
700 3031 730 3063 p.
759 3019 879 3062 ‹3-7).

330 3072 342 3090 ⁵
369 3072 574 3104 llartzheim
604 3072 625 3105 l.
653 3085 682 3105 c.
710 3084 742 3116 p.
769 3072 848 3105 ⁸2:35.
995 3072 1008 3092 ὓ
1034 3071 1124 3105 Vide
1149 3083 1257 3116 supra
1284 3083 1316 3116 p.
1344 3071 1399 3105 37.
1557 3070 1570 3090 ⁷
1595 3069 1686 3103 Vide
1713 3080 1820 3113 supra
1846 3080 1879 3113 p.
1907 3068 1962 3103 22.

329 3124 342 3143 ⁸
368 3125 618 3166 Sommersoyvl
632 3125 653 3157 l.
670 3137 698 3158 c.
717 3125 757 3164 11,
773 3125 851 3158 617.
880 3126 923 3158 Α.
939 3126 1064 3168 Jundt,
1083 3136 1163 3158 cuni
1181 3136 1272 3158 anno
1290 3124 1378 3158 1875
1394 3135 1462 3157 11011
1480 3123 1556 3157 sine
1571 3121 1790 3156 dubitatione
1809 3121 1963 3165 quadam

210 3176 392 3212 Cunisiuin
428 3176 598 3210 editorem
625 3177 766 3210 'l'auleri
793 3177 964 3218 dixisset,
999 3180 1124 3221 postea
1159 3189 1238 3211 cum
1275 3176 1487 3210 certitudine
1523 3175 1614 3209 dixit
1642 3174 1708 3218 (La
1734 3175 1869 3218 grande
1895 3174 1963 3208 En-
