2113 3430
806 196 860 231 16.
887 196 1071 231 Februarii
1098 197 1200 231 1556.
1805 200 1887 241 601

127 312 258 356 Ducis
288 311 503 362 instituto,
537 312 782 366 nostrisque
815 314 867 355 de
890 313 1080 367 Collegio
1102 314 1363 369 Jngolstadij
1398 314 1697 357 constituendo
1721 315 1891 358 collatis

126 376 355 430 sententijs
386 376 631 420 satisfieret.
694 378 809 420 Nam
841 378 1009 431 reliqua
1050 392 1159 432 quae
1200 378 1481 432 adiiciuntur,
1523 379 1631 422 talia
1661 379 1762 421 mihi
1797 394 1891 422 esse

126 442 339 492 uidentur,
374 455 483 494 quae
514 442 643 484 facile
673 443 847 496 probarj
881 445 924 485 et
948 442 1076 485 isthic
1108 443 1301 498 expedirj
1335 444 1420 487 cito
1454 447 1627 498 queant.
1680 445 1891 487 Habenda

126 507 239 550 enim
279 506 441 548 nostris
473 508 540 548 est
570 507 682 549 ratio
715 507 780 561 suj
812 507 1002 561 institutj
1019 509 1055 558 1,
1098 510 1148 550 ut
1178 508 1304 563 sicutj
1338 509 1392 550 ab
1427 509 1541 551 omni
1583 509 1815 552 ambitione
1848 513 1892 552 et

126 572 341 625 dignitate
381 571 711 622 Ecclesiastica,
757 572 818 613 sic
861 571 992 614 etiam
1035 573 1088 614 ab
1131 573 1443 626 obligationum
1486 574 1667 616 istarum
1708 574 1892 616 vinculis

124 636 249 679 liberi
280 650 554 687 maneamus,
597 637 668 690 quj
699 651 785 678 non
817 639 967 679 nostra
1000 640 1140 687 certe,
1182 639 1258 680 sed
1290 638 1517 681 CHRISTI
1548 639 1699 681 honori
1732 642 1775 682 et
1807 640 1892 681 Ec-

125 701 283 744 clesiae
315 700 494 755 vtilitatj
529 701 784 752 seruientia,
822 701 956 743 libere
987 705 1213 756 praestare
1246 703 1539 745 desideramus
1554 704 1583 746 2.
1646 703 1738 753 Qua
1769 704 1814 746 in
1844 718 1891 746 re

249 841 260 862 ¹
286 842 504 875 Sacehinus:
542 840 724 884 „Ignatius
750 851 830 874 cum
857 840 1058 874 edocuisset
1083 840 1290 883 Albertum,
1325 841 1410 886 quid
1436 841 1593 876 rationes
1628 841 1891 875 condendorum

126 892 367 937 Collegiorum
394 894 529 927 ferrent
555 892 858 927 Constitutionum
885 893 927 926 de
954 904 995 926 ea
1030 905 1068 927 re
1101 893 1211 928 misso
1246 895 1383 939 capite,
1422 894 1549 928 maluit
1584 894 1627 928 de
1661 896 1780 928 cetero
1814 906 1889 928 rem

126 949 241 981 totam
268 946 415 981 consilio
441 946 528 988 eius,
554 946 752 991 pietatique
778 946 986 991 permittere
1012 946 1151 980 liberali
1177 947 1318 988 fiducia,
1345 959 1453 992 quam
1470 948 1507 982 in
1525 947 1756 982 conciliandis
1774 948 1890 992 pactis

126 1000 286 1034 odiosius
311 999 499 1034 altercari“
532 998 599 1042 (De
625 1000 702 1033 vita
729 998 863 1033 Canisii
889 1011 921 1044 p.
951 998 1046 1042 105).
1082 998 1255 1040 Quoniam
1283 1003 1400 1034 autem
1428 1001 1529 1046 ipsae
1554 1001 1687 1044 Ignatii
1714 1000 1890 1045 epistulae

127 1054 174 1088 ad
200 1054 326 1087 ducem
352 1053 499 1096 eiusque
525 1052 757 1086 secretarium
789 1052 894 1086 datae
928 1063 1041 1096 usque
1076 1052 1120 1086 ad
1157 1065 1288 1087 annum
1318 1053 1406 1088 1889
1441 1054 1477 1088 in
1512 1053 1659 1088 archivo
1684 1054 1890 1088 monacensi

127 1106 291 1151 sepultae
316 1105 522 1147 iacuerunt,
557 1117 667 1139 unum
693 1104 907 1139 sacchinum
934 1105 1049 1139 secuti
1075 1108 1178 1147 sunt,
1217 1109 1393 1151 quotquot
1426 1107 1493 1141 hac
1528 1107 1571 1141 de
1605 1119 1643 1141 re
1669 1107 1891 1152 scripserunt

130 1158 256 1203 (atque
282 1159 390 1192 etiam
409 1158 543 1192 Paulus
560 1158 696 1199 Drews,
724 1157 785 1202 qui
811 1170 902 1192 anno
932 1158 1022 1192 1892
1047 1158 1222 1203 scripsit),
1248 1159 1398 1203 ideoque
1423 1172 1499 1193 rem
1524 1159 1619 1193 haud
1645 1159 1696 1194 ita
1722 1161 1890 1194 accurate

127 1214 352 1247 enarrarunt.
399 1212 454 1245 Ita
480 1224 514 1246 v.
542 1223 573 1255 g⁴
602 1212 827 1256 scripserunt
851 1211 1033 1255 Ignatium
1063 1214 1222 1257 „partem
1247 1212 1366 1246 illam“
1397 1234 1439 1237 —
1466 1213 1524 1247 vel
1555 1215 1684 1258 „caput
1708 1213 1814 1247 illud“
1845 1232 1884 1237 —-

129 1265 422 1300 constitutionum
450 1264 639 1299 Societatis
674 1264 834 1306 misisse,
875 1265 987 1309 ,quod
1023 1265 1065 1299 de
1100 1265 1261 1309 collegiis
1297 1266 1488 1300 condendis
1514 1267 1686 1311 scriptum
1715 1267 1789 1300 est“
1826 1265 1891 1310 („il

127 1319 236 1363 capo“
267 1320 334 1352 etc.
362 1319 530 1361 Lonyaro
557 1319 648 1361 deyli
677 1319 790 1360 Oddz⁷,·
819 1318 903 1360 „das
928 1317 1093 1363 Kapitel“
1124 1320 1247 1361 Re'ess,·
1285 1319 1371 1361 „den
1398 1319 1519 1353 Theil“
1555 1321 1714 1362 Genelli;
1752 1319 1892 1363 ,quella

128 1372 251 1417 parte“
280 1373 415 1415 Boero,
441 1370 538 1414 etc.).
588 1372 637 1404 At
662 1370 957 1405 constitutionum
986 1371 1092 1415 (quae
1122 1372 1164 1405 10
1190 1371 1353 1416 partibus
1380 1374 1416 1406 et
1440 1372 1565 1406 multis
1599 1372 1776 1417 capitibus
1812 1385 1892 1407 con-

129 1424 243 1468 stant)
272 1426 394 1469 partes
421 1425 457 1458 et
482 1424 602 1469 capita
637 1424 819 1468 complura
854 1424 899 1457 ad
934 1424 1165 1468 collegiorum
1201 1424 1463 1459 institutionem
1503 1427 1676 1470 spectant.
1728 1426 1892 1469 Ignatius

128 1490 214 1512 vero
241 1477 322 1511 duci
347 1477 436 1511 haec
461 1477 605 1511 scribit:
637 1476 760 1519 „Mitto
786 1478 907 1511 tamen
926 1477 965 1511 E.
984 1477 1024 1512 T.
1051 1489 1142 1521 quae
1169 1489 1214 1512 ex
1240 1478 1405 1512 instituto
1431 1481 1574 1513 nostrae
1599 1477 1788 1513 Societatis
1814 1479 1892 1513 fun-

128 1531 313 1565 datoribus
348 1530 599 1574 collegiorum,
636 1530 745 1564 etiam
771 1542 841 1564 non
866 1530 902 1564 id
928 1530 1177 1574 exigentibus,
1213 1534 1417 1576 praestare,
1452 1544 1521 1565 non
1547 1531 1663 1577 pactis
1689 1532 1791 1574 ullis,
1829 1532 1893 1566 sed

129 1584 261 1618 nostris
289 1583 604 1618 constitutionibus
630 1583 792 1617 obstricti
820 1583 939 1627 (quae,
965 1586 1159 1628 antequam
1184 1584 1297 1618 ullum
1324 1584 1513 1628 collegium
1539 1597 1583 1618 ex
1601 1585 1775 1629 plurimis,
1802 1596 1893 1629 quae

127 1637 200 1671 iam
226 1636 335 1670 habet
360 1638 483 1670 nostra
510 1635 669 1670 Societas
694 1636 787 1670 inter
812 1636 937 1670 fideles
964 1639 1000 1671 et
1024 1637 1196 1678 infideles,
1225 1638 1433 1681 erigeretur,
1460 1638 1605 1672 definita
1633 1640 1668 1672 et
1693 1641 1772 1672 rata
1798 1638 1893 1683 apud

128 1702 194 1724 nos
219 1689 458 1733 habebantur)
487 1690 681 1723 tenemur.“
734 1688 808 1734 Ipsi
834 1691 954 1723 autem
981 1690 1157 1735 epistulae
1183 1690 1315 1733 Ignatii
1341 1691 1559 1736 archetypae
1595 1691 1798 1726 etiamnunc
1834 1691 1892 1726 ad-

127 1743 242 1777 ditum
268 1745 303 1777 et
330 1742 558 1777 coniunctum
585 1745 640 1777 est
665 1742 799 1783 folium,
826 1742 862 1776 in
889 1755 958 1787 quo
984 1743 1136 1786 legitur:
1174 1743 1249 1785 „Ex
1273 1744 1431 1778 secunda
1455 1746 1558 1789 parte
1585 1744 1892 1779 constitutionum.

130 1796 215 1841 Cap.
243 1796 300 1830 2¹⁰
325 1796 367 1829 de
394 1796 564 1829 memoria
590 1796 807 1840 praestanda
833 1807 919 1839 erga
944 1796 1168 1830 Fundatores
1195 1797 1426 1840 collegiorum
1453 1799 1488 1831 et
1513 1797 1603 1831 bene
1629 1797 1671 1831 de
1697 1798 1784 1843 ipsis
1822 1809 1892 1832 me-

129 1849 228 1883 ritos.
280 1847 454 1889 Quoniam
488 1849 524 1883 id
558 1849 713 1882 maxime
746 1849 895 1882 rationi“
934 1852 1023 1890 etc.;
1067 1850 1231 1894 sequitur
1266 1850 1376 1884 latine
1415 1862 1560 1884 versum
1597 1851 1892 1885 constitutionum

129 1903 239 1947 caput
263 1901 351 1935 illud
381 1901 473 1945 (sine
505 1901 842 1944 „declarationibus“
873 1901 977 1946 suis),
1004 1903 1098 1946 quod
1124 1914 1217 1936 nunc
1245 1904 1394 1947 quartae
1411 1904 1524 1948 partis
1542 1903 1695 1948 primum
1715 1906 1781 1945 est,
1808 1916 1893 1948 quo-

129 1967 199 1999 que
225 1955 408 1997 statuitur,
435 1966 526 1999 quae
552 1966 687 1999 preceS‚
715 1966 806 1999 quae
833 1967 936 1989 sacra
961 1975 1005 1978 —
1033 1958 1118 1990 sunt
1143 1958 1262 1990 autem
1281 1956 1435 2001 plurima
1452 1976 1497 1979 ——-
1515 1969 1578 2001 pro
1601 1957 1888 1999 „fundatoribus“

128 2008 293 2042 facienda
319 2008 401 2048 sint,
427 2008 605 2052 simulque
632 2007 853 2047 decernitur,
880 2020 940 2042 eos
966 2008 1122 2042 omnium
1149 2009 1320 2043 bonorum
1347 2021 1504 2054 operum,
1535 2021 1626 2053 quae
1651 2010 1687 2044 in
1713 2009 1893 2045 Societate

130 2061 239 2103 fiant,
273 2061 504 2106 peculiariter
530 2061 723 2106 participes
749 2072 846 2103 esse,
887 2073 928 2095 ac
955 2061 1076 2096 Socios
1102 2063 1266 2096 omnibus
1293 2062 1421 2096 officiis
1448 2074 1507 2096 eos
1534 2074 1726 2107 eorumque
1752 2063 1892 2109 propin-

129 2126 220 2159 quos
246 2114 413 2159 prosequi
439 2114 577 2154 debere,
605 2125 706 2157 quae,
732 2113 845 2148 salvis
871 2113 1011 2158 legibus
1036 2115 1121 2155 suis,
1148 2117 1332 2160 praestare
1358 2115 1507 2160 possint.
1551 2117 1604 2150 Ac
1630 2116 1758 2150 mirum
1785 2119 1892 2159 certe,

130 2167 198 2202 hoc
235 2169 344 2212 caput
386 2167 582 2209 „secundae
620 2166 733 2212 partis
770 2167 1084 2201 constitutionum“
1132 2168 1366 2211 „secundunr‘
1408 2168 1466 2202 hic
1496 2169 1636 2210 vocari,
1676 2181 1755 2203 cum
1787 2171 1823 2203 et
1855 2170 1892 2204 in

129 2221 243 2266 primo
269 2220 330 2254 illo
356 2220 649 2254 constitutionum
677 2220 850 2265 exemplo,
877 2221 970 2264 quod
997 2220 1030 2254 S.
1054 2221 1217 2264 Ignatius
1243 2221 1308 2255 sub
1335 2221 1475 2255 initium
1502 2221 1584 2255 anni
1613 2222 1698 2256 1551
1729 2223 1891 2267 patribus

130 2273 264 2308 Romae
291 2285 311 2307 a
336 2285 374 2307 se
401 2273 629 2317 congregatis
655 2273 858 2318 proposuit,
895 2275 931 2307 et
956 2274 991 2307 in
1018 2275 1205 2308 emendato
1231 2274 1311 2315 illo,
1343 2274 1435 2318 quod
1462 2286 1554 2308 anno
1583 2275 1672 2309 1552
1699 2276 1743 2309 ad
1769 2287 1891 2310 omnes

130 2326 320 2362 Societatis
347 2326 469 2360 domos
494 2326 635 2360 misisse
661 2326 823 2367 videtur,
859 2328 895 2360 et
920 2326 956 2360 in
981 2326 1074 2371 illis,
1110 2338 1200 2370 quae
1227 2338 1247 2361 a
1272 2327 1396 2371 primis
1423 2327 1612 2362 Societatis
1646 2329 1892 2372 congregatio-

129 2379 235 2414 nibus
261 2379 489 2423 generalibus
515 2379 712 2424 approbata
737 2381 831 2421 sunt,
857 2382 966 2424 caput
991 2379 1058 2413 hoc
1082 2380 1236 2424 primum
1261 2379 1378 2414 locum
1401 2380 1561 2414 obtineat
1578 2381 1613 2415 in
1631 2383 1733 2426 parte
1752 2384 1891 2426 quarta.

130 2432 257 2467 Versio
291 2432 404 2466 latina
439 2444 459 2466 a
493 2432 644 2476 vulgata
678 2432 739 2466 illa
774 2435 810 2466 et
844 2433 1040 2474 communi,
1080 2444 1170 2477 quae
1204 2433 1305 2467 iussu
1340 2434 1630 2477 congregationis
1659 2435 1837 2469 secundae
1873 2447 1893 2470 a

131 2485 165 2519 S.
194 2485 383 2519 Francisco
411 2485 542 2528 Borgia
568 2497 659 2519 anno
689 2485 778 2519 1568
805 2487 929 2519 curata
956 2487 992 2519 et
1017 2498 1037 2520 a
1064 2485 1340 2529 congregatione
1367 2487 1474 2520 tertia
1499 2498 1591 2520 anno
1620 2487 1710 2521 1573
1746 2488 1893 2532 probata

129 2540 185 2572 est
214 2538 327 2583 (typis
353 2538 533 2582 descripta
559 2538 666 2572 etiam
693 2550 713 2571 a
739 2539 904 2572 Pachtler
929 2538 951 2572 l,
979 2550 1007 2573 c.
1046 2538 1077 2580 I,
1116 2538 1290 2582 11—14)‚
1330 2539 1416 2573 locis
1452 2539 1641 2584 permultis
1677 2540 1815 2582 differt,
1852 2552 1893 2575 ac

131 2592 286 2625 fortasse
320 2592 460 2635 partem
497 2591 683 2625 constituit
717 2590 853 2635 primae
888 2591 985 2625 illius
1019 2591 1195 2626 versionis
1223 2592 1536 2633 constitutionum,
1576 2604 1666 2636 quae
1692 2605 1713 2627 a
1738 2593 1894 2629 Pola-nco

129 2645 294 2678 confecta
321 2646 356 2678 et
375 2655 405 2678 a.
427 2644 517 2678 1558
543 2656 563 2677 a
588 2643 703 2688 prima
730 2644 1005 2688 congregatione
1032 2644 1191 2687 generali
1215 2645 1364 2689 probata
1383 2647 1490 2689 atquc
1509 2646 1632 2680 eodem
1650 2658 1741 2680 anno
1760 2646 1894 2682 Romae

135 2698 188 2740 „in
217 2697 364 2731 aedibus
389 2697 573 2730 societatis
600 2697 699 2730 Iesu“
730 2697 883 2742 primum
910 2697 1008 2742 typis
1034 2698 1215 2742 exscripta
1242 2700 1307 2738 est,
1334 2710 1423 2743 opus
1449 2710 1543 2732 nunc
1569 2699 1803 2733 rarissimum.
1841 2699 1893 2735 Cf.

135 2752 430 2793 ,Constitutiones
452 2749 582 2783 latinas
609 2752 645 2784 et
662 2749 886 2794 hispanicas“
910 2750 1070 2784 VI—IX.
1090 2750 1149 2784 XI.
1173 2751 1367 2785 108—111.
1388 2751 1584 2785 312—313.
1605 2752 1693 2792 373;
1722 2753 1895 2787 Sommer-

129 2805 225 2847 royel
250 2803 272 2836 l.
300 2815 330 2837 c.
356 2802 399 2844 V,
429 2803 626 2837 175—176.
676 2803 795 2836 Verba
822 2803 899 2848 ipsa
924 2803 982 2837 hic
1007 2815 1077 2837 non
1103 2806 1298 2848 ponuntur,
1326 2804 1409 2848 quia
1435 2805 1551 2849 posita
1577 2807 1661 2839 sunt
1687 2817 1707 2839 a
1733 2807 1896 2840 IlIederer

130 2857 154 2891 1.
182 2868 211 2891 c.
239 2856 300 2897 IV,
326 2856 525 2890 292—293.

252 2910 265 2930 ‘²
290 2909 346 2943 Ex
380 2909 442 2950 iis,
478 2920 569 2953 quae
595 2920 703 2953 supra
729 2909 864 2954 scripta
890 2912 993 2949 sunt,
1028 2909 1189 2952 intellegi
1217 2911 1355 2954 potest,
1391 2921 1497 2953 quam
1524 2910 1614 2944 false
1640 2912 1770 2945 Pramz
1798 2911 1835 2956 (l.
1864 2924 1893 2947 c.

132 2963 158 3004 Ι,
177 2963 261 3005 224)
290 2964 430 2996 asserat
455 2962 634 3005 ignatium
662 2962 739 2995 idco
766 2964 910 3006 pactum
937 2962 1023 2996 illud
1051 2962 1227 3003 reiecisse,
1255 2962 1347 3006 quod
1375 2974 1420 2997 cx
1446 2975 1486 2997 eo
1511 2975 1615 2997 nemo
1638 2964 1674 2998 in
1704 2964 1894 3009 collegium

130 3015 322 3050 Societatis
349 3015 458 3060 recipi
486 3015 673 3059 potuisset,
699 3015 767 3048 nisi
795 3016 883 3049 duce
905 3015 1090 3060 probante.
1126 3016 1359 3050 Gravioribus
1378 3016 1576 3051 rationibus
1594 3017 1757 3061 Ignatius
1775 3030 1894 3053 move-

130 3068 247 3103 batur.
298 3068 441 3112 Neque,
477 3067 570 3111 quod
596 3067 720 3101 Prantl
749 3068 892 3109 scribit,
928 3068 1125 3102 universim
1152 3069 1387 3102 constitutum
1414 3071 1491 3103 erat
1516 3081 1537 3104 a
1563 3070 1794 3113 consiliariis,
1831 3072 1894 3106 sed

131 3121 175 3156 de
201 3121 244 3156 iis
269 3123 430 3162 tantum,
457 3121 518 3164 qui
544 3120 645 3154 ducis
671 3120 873 3165 sumptibus
899 3121 934 3154 in
961 3121 1111 3165 collegio
1137 3121 1331 3165 georgiano
1357 3121 1560 3164 alebantur,
1587 3124 1792 3158 sacerdotes
1818 3136 1893 3159 sae-

131 3173 273 3208 culares
298 3174 490 3218 aliquando
516 3174 646 3214 futuri;
683 3176 882 3207 ceterorum
917 3174 1200 3219 recipiendorum
1236 3176 1396 3219 potestas
1430 3175 1466 3208 in
1501 3176 1624 3210 eodem
1654 3177 1750 3222 pacti
1777 3177 1894 3222 capite
