2113 3430
821 206 875 240 16.
902 205 1058 249 Augusti
1087 206 1186 241 1554.
1802 204 1886 245 485

125 324 285 367 certius
316 323 609 376 intelligemus
642 326 772 377 atque
804 323 1161 377 110150111101111151.
1210 322 1418 372 Quoniam
1441 335 1543 363 vero
1570 321 1613 362 in
1636 318 1888 372 Cancellarij

125 389 387 431 mentionem
408 387 536 429 incidi
569 388 638 441 (D.
661 389 895 430 Doctorem
917 388 1125 430 Jacobum
1148 388 1304 429 Jonam
1337 401 1433 428 eum
1456 386 1645 437 vocant),
1678 385 1758 426 hoc
1781 383 1890 425 sciat

126 454 256 496 velim
289 453 517 507 prudentia
543 456 632 502 tua,
667 453 806 494 virum
840 466 934 493 esse
966 452 1130 506 primae
1163 455 1206 494 et
1239 466 1431 493 summae
1465 449 1743 493 authoritatis
1777 448 1891 502 apud

126 520 304 571 Regem,
338 518 382 559 in
403 518 663 560 vindicanda
684 517 909 570 Religione
940 517 1062 558 nobis
1085 516 1212 558 valde
1238 516 1473 564 faventem,
1507 515 1674 569 piorum
1703 513 1891 555 omnium

127 586 170 626 et
202 583 518 636 Religiosorum
549 583 733 625 fratrum
761 582 996 624 Pati-onum
1029 581 1306 634 singularem,
1342 580 1414 634 qui
1447 580 1598 621 deinde
1631 578 1781 632 quanti
1814 592 1890 619 nos

126 648 273 698 faciat,
308 662 437 700 quam
469 648 617 689 sedulo
649 650 799 689 nostra
831 649 952 688 curet
985 660 1035 687 ac
1068 649 1323 699 promoveat
1356 645 1581 698 collegium
1607 644 1761 693 isthuc,
1796 657 1892 684 cum

127 727 275 767 parem
307 713 543 754 habeamus
575 712 802 761 neminem,
836 711 950 752 haud
982 710 1109 752 facile
1137 710 1332 752 dixerim.
1385 710 1530 762 Rogat
1552 711 1697 751 autem
1721 722 1747 749 a
1769 707 1819 749 R.
1843 707 1890 748 P.

127 777 402 832 Praeposito,
446 777 557 819 sicut
589 777 633 818 in
664 779 882 831 postremo
916 775 1127 828 colloquio
1161 775 1361 829 exposuit
1393 774 1516 823 mihi,
1560 776 1608 815 ut
1640 772 1890 814 meritorum

126 856 237 896 quae
271 842 476 885 Societati
511 843 643 884 donat
674 841 884 882 immensa
915 839 1100 889 bonitaS,
1135 842 1179 881 et
1210 839 1302 893 ipse
1334 839 1554 893 particeps
1586 839 1676 888 fiat,
1712 837 1892 878 habeat-

127 922 210 961 que
242 907 587 962 participationis
618 906 732 948 illius
763 908 901 947 testes
933 905 1083 946 literas
1099 905 1128 946 2.
1181 905 1275 957 Ego
1309 904 1369 945 nil
1402 903 1562 953 dubito,
1598 902 1699 956 quin
1732 901 1892 956 optime

129 973 387 1014 collocatum
418 972 498 1014 hoc
520 972 564 1013 in
587 986 682 1013 eum
715 970 963 1012 benefitium
991 983 1085 1010 esse
1107 969 1258 1022 possit,
1292 983 1430 1021 neque
1462 969 1595 1010 ullum
1620 982 1642 1009 e
1667 966 1893 1009 Germanis

128 1038 244 1088 novi,
277 1052 354 1092 per
387 1051 513 1090 quem
545 1037 599 1078 ad
630 1035 969 1090 promovendam
995 1033 1265 1086 Religionem
1298 1034 1438 1076 acturi
1468 1033 1621 1075 melius
1653 1032 1891 1074 videamur.

247 1102 404 1144 Literis
436 1101 607 1151 vestris,
642 1115 752 1154 quae
783 1099 1042 1154 promittunt
1075 1113 1182 1153 opus
1212 1098 1318 1140 illud
1341 1098 1660 1151 Theologicum,
1694 1098 1791 1139 Rex
1812 1096 1895 1139 fuit

130 1167 453 1217 exhilaratus3,
497 1166 698 1220 cupitque
729 1167 876 1207 vestro
918 1163 1068 1206 iuditio
1108 1166 1152 1206 et
1184 1163 1362 1205 arbitrio
1405 1163 1572 1205 absolvi
1612 1163 1690 1204 has
1733 1164 1892 1216 partes,

129 1235 222 1275 tum
263 1247 341 1286 pro
382 1231 677 1273 sacerdotibus
710 1233 754 1273 et
786 1229 981 1279 Clericis,
1023 1232 1117 1271 tum
1148 1242 1225 1282 pro
1260 1228 1396 1270 doctis
1439 1230 1483 1270 et
1520 1227 1722 1270 studiosis
1755 1226 1895 1268 Theo-

130 1297 298 1350 logicae
338 1295 561 1338 facultatis
602 1298 694 1338 tam
734 1294 1014 1344 Viennensis,
1067 1307 1196 1346 quam
1236 1292 1537 1346 Friburgensis
1553 1293 1581 1334 4.
1652 1292 1894 1344 Utrumque

133 1361 413 1416 Gymnasium
444 1361 640 1403 Viennae
681 1362 725 1402 et
756 1359 955 1412 Friburgi
985 1359 1082 1400 Rex
1113 1358 1350 1412 gubernat,
1393 1360 1436 1399 et
1469 1357 1687 1399 Catholice
1719 1370 1896 1411 prorsus

132 1427 275 1468 doceri
308 1427 453 1468 vellet.
518 1426 659 1475 Quare
690 1425 741 1467 R.
776 1424 822 1467 P.
856 1423 1157 1478 Praepositum
1189 1437 1316 1476 rogo,
1360 1426 1408 1465 ut
1441 1425 1647 1475 quantum
1691 1436 1796 1476 opus
1829 1423 1896 1463 est

132 1491 208 1545 otij
242 1494 286 1534 et
322 1490 550 1545 temporis,
593 1490 782 1532 habeant
813 1489 863 1531 R.
897 1489 948 1531 R.
982 1489 1138 1531 Patres
1170 1489 1221 1530 D.
1254 1488 1427 1541 Laynez
1469 1490 1512 1530 et
1543 1488 1594 1529 D.
1628 1487 1804 1529 Frusius
1842 1486 1895 1528 ad

132 1556 486 1598 conscribendum
517 1555 672 1596 librum
704 1557 947 1607 utrumque,
982 1557 1030 1596 ut
1061 1553 1216 1595 saltem
1250 1553 1364 1595 circa
1395 1552 1615 1605 sequentis
1648 1551 1748 1593 anni
1779 1551 1896 1605 prin-

132 1622 289 1676 cipium
329 1635 405 1675 pro
438 1620 587 1674 Xenijs
628 1620 735 1661 haec
776 1622 929 1661 sancta
961 1618 1071 1672 Regi
1113 1618 1291 1660 donaria
1333 1618 1590 1668 offerantur,
1634 1620 1677 1660 et
1719 1616 1897 1658 coelesti

132 1686 244 1740 Regi
274 1700 351 1740 pro
385 1686 614 1738 Magorum
646 1684 893 1726 muneribus
925 1686 1229 1737 nuncupentur
1261 1685 1305 1725 et
1338 1685 1656 1725 consecrentur.

251 1751 321 1793 Ad
353 1750 524 1793 aedium
544 1750 588 1791 in
609 1749 752 1804 patria
783 1763 880 1791 mea
914 1749 1189 1790 donationem
1213 1748 1351 1798 venio,
1386 1761 1514 1800 quam
1537 1761 1617 1800 ego
1643 1761 1728 1788 non
1750 1746 1897 1799 magni

133 1816 377 1858 faciendam
409 1815 618 1865 arbitror,
657 1813 816 1869 partim
849 1814 963 1867 quod
995 1813 1121 1855 amici
1152 1813 1304 1866 reliqui
1338 1812 1568 1854 videantur
1599 1812 1726 1854 valde
1758 1812 1897 1853 recla-

134 1881 306 1932 maturi,
341 1881 376 1922 si
398 1880 589 1922 sentiant
621 1879 798 1930 factum,
832 1879 968 1921 multo
1000 1878 1152 1931 magis,
1186 1878 1222 1919 si
1253 1877 1542 1930 exequutione
1572 1877 1666 1931 ipsa
1695 1877 1896 1918 damnum

132 1946 301 1988 illatum
343 1945 423 1987 sibi
463 1945 726 1999 percipiant,
772 1944 931 1998 partim
973 1943 1086 1997 quod
1125 1946 1316 1985 mentem
1358 1942 1558 1984 donantis
1603 1956 1652 1984 eo
1696 1944 1896 1996 spectare

135 2014 294 2064 putem,
328 2013 376 2053 ut
409 2010 552 2052 adsint
583 2009 781 2064 perpetui
813 2010 969 2051 saltem
1002 2009 1084 2050 duo
1114 2011 1190 2050 aut
1212 2010 1302 2050 tres
1334 2007 1660 2057 inhabitatores,
1695 2007 1766 2060 qui
1798 2021 1897 2061 pro-

133 2076 220 2118 sint
251 2075 294 2117 in
327 2075 481 2130 spiritu
511 2074 946 2127 Noviomagensibus.
1010 2073 1111 2115 Vidi
1143 2075 1188 2114 et
1220 2072 1359 2123 audio,
1396 2073 1604 2114 haeredes
1636 2072 1897 2126 permoleste

133 2140 271 2191 ferre,
313 2140 349 2182 si
391 2140 620 2193 quicquam
660 2139 877 2182 adimatur
916 2138 1039 2180 bonis
1079 2138 1344 2188 huiusmodi,
1390 2137 1680 2191 praetendunt
1722 2151 1895 2178 suarum

132 2205 316 2259 prolium
347 2205 678 2256 multitudinem,
713 2207 794 2247 etc.
842 2205 996 2255 Taceo,
1030 2217 1108 2245 nos
1133 2203 1177 2244 in
1209 2203 1490 2257 suspitionem
1524 2201 1736 2244 avaritiae
1769 2215 1896 2255 posse

132 2270 229 2312 hinc
260 2270 468 2321 incidere,
514 2269 772 2324 praesertim
804 2269 917 2323 apud
950 2283 1035 2319 eos,
1071 2268 1142 2322 qui
1174 2283 1259 2310 non
1292 2268 1452 2322 optime
1484 2267 1555 2308 vel
1587 2267 1792 2316 sentiunt,
1826 2266 1896 2307 vel

131 2334 381 2389 intelligunt
425 2335 476 2377 de
517 2335 646 2377 rebus
679 2334 921 2377 Societatis.
987 2333 1267 2376 Scribendum
1308 2335 1454 2375 tamen
1497 2332 1645 2373 curavi
1676 2331 1730 2373 ad
1763 2331 1895 2372 dona-

131 2399 298 2451 tricem,
333 2402 380 2442 ut
412 2399 599 2454 seipsam
621 2399 810 2454 explicet
832 2399 984 2451 magis,
1018 2412 1100 2451 quo
1123 2412 1277 2452 nempe
1304 2397 1444 2439 animo
1469 2397 1612 2447 donet,
1647 2396 1747 2449 quid
1771 2395 1894 2450 offitij

255 2551 264 2571 ¹
290 2550 535 2584 Ferdinandus
561 2551 587 2585 1.
617 2551 646 2584 1.
673 2550 755 2584 111111
784 2551 874 2584 1554
893 2550 1036 2584 decreto
1055 2549 1330 2593 subscripserat,
1358 2559 1426 2591 quo
1448 2547 1538 2581 1200
1556 2545 1679 2579 floreni
1699 2545 1895 2579 rhenenses

132 2603 240 2637 annui
268 2615 286 2636 e
304 2603 545 2647 vectigalibus
570 2603 803 2637 linciensibus
830 2603 980 2646 collegio
996 2603 1182 2636 viennensi
1201 2601 1491 2636 attribuebantur
1512 2599 1659 2643 (Socher
1676 2598 1698 2632 1.
1719 2610 1747 2631 0.
1767 2610 1800 2642 p.
1819 2598 1894 2641 48).

251 2656 265 2677 ‘²
290 2656 344 2690 Ab
371 2656 528 2699 antiquis
555 2656 727 2690 ecclesiae
752 2656 972 2701 temporibus
999 2656 1065 2689 hoc
1091 2655 1211 2695 fiebat,
1237 2657 1277 2689 ut
1300 2653 1465 2688 monachi
1491 2652 1602 2686 laicos
1629 2651 1706 2696 pios
1733 2653 1769 2684 et
1794 2651 1830 2684 in
1856 2662 1895 2685 se

132 2709 309 2743 beneficos
327 2709 371 2742 ad
390 2709 583 2753 specialem
601 2709 780 2753 quandam
803 2709 1125 2750 „fauniliarstafflnff
1149 2708 1390 2747 admitterent,
1418 2717 1561 2750 precum
1582 2707 1618 2738 et
1635 2703 1894 2738 sacrificiorum

131 2774 277 2796 suorum
304 2762 474 2806 peculiari
492 2762 595 2795 inodo
622 2774 681 2796 eos
708 2762 902 2806 participes
928 2762 1128 2802 redderent,
1155 2760 1297 2794 nomina
1325 2771 1445 2793 eorum
1473 2759 1507 2791 in
1539 2757 1648 2799 ,libro
1675 2757 1791 2791 vitae“
1823 2769 1894 2791 mo-

132 2816 278 2850 nasterii
306 2815 541 2849 inscriberent
569 2815 652 2858 (Ad.
680 2816 819 2857 Ebner,
851 2815 916 2848 Die
943 2813 1201 2848 klosterlichen
1228 2811 1707 2853 Gebets-Verbri'iderungen
1733 2810 1788 2844 bis
1814 2822 1894 2844 zum

133 2870 328 2912 Ausgange
355 2869 417 2902 des
443 2867 734 2911 karolingischen
761 2867 950 2901 Zeitaltcrs
977 2866 1229 2911 [Regensburg
1259 2865 1362 2908 1890]
1390 2877 1422 2909 p.
1450 2864 1601 2898 20—27.
1629 2863 1797 2906 57—64).

252 2923 265 2941 ³
290 2921 368 2955 Hae
394 2921 536 2955 litterae
561 2932 675 2964 usque
702 2920 818 2955 adhuc
837 2920 953 2954 editae
972 2932 1040 2953 non
1059 2921 1152 2953 sunt.
1190 2918 1318 2952 Comiti
1336 2917 1517 2951 melitensi
1536 2916 1714 2950 l‘olancus
1738 2916 1793 2950 21.
1813 2916 1894 2950 Iulii

135 2975 225 3008 1554
250 2974 394 3019 scripsit
420 2973 661 3017 theologicam
688 2973 785 3007 illam
813 2984 988 3007 summam
1008 2972 1210 3006 Florentiae
1239 2983 1258 3004 a
1288 2971 1429 3007 Lainio,
1466 2969 1725 3003 sacerdotalem
1752 2969 1893 3004 institu-

132 3028 264 3061 tionem
290 3027 423 3061 Romae
459 3027 502 3060 ab
529 3027 673 3060 Andrea
699 3026 824 3060 Frusio
861 3025 1035 3060 conscribi
1076 3025 1219 3067 (Cartas
1254 3024 1296 3057 de
1324 3025 1400 3056 San
1428 3024 1571 3065 symm-1⁴0
1608 3022 1667 3063 IV,
1694 3022 1792 3066 236).
1845 3023 1895 3056 At

133 3082 258 3114 neuter
283 3092 371 3125 opus
397 3080 571 3119 absolvit;
598 3091 681 3113 nam
700 3079 824 3113 Frusio
842 3079 939 3113 vitae
966 3079 1057 3113 finis.
1088 3077 1207 3111 Lainio
1226 3076 1457 3120 generalatus
1476 3075 1666 3110 Societatis
1684 3075 1891 3110 intervenit.

252 3134 265 3153 4
291 3133 574 3167 Universitatem
601 3132 704 3173 dicit,
741 3144 831 3177 quae
858 3131 1023 3174 Friburgi
1049 3129 1259 3173 Brisgoviae
1289 3129 1478 3172 (Freiburg
1504 3129 1551 3162 1111
1578 3128 1771 3172 Breisgau,
1799 3140 1891 3163 nunc

133 3186 254 3229 magni
281 3186 432 3220 ducatus
458 3186 641 3229 badensis)
672 3185 774 3219 hodie
801 3196 940 3229 quoque
968 3186 1099 3218 exstat.
