2113 3430
568 194 645 229 169.
683 193 847 229 Canisius
873 193 906 228 S.
934 192 1085 236 Ignatio.
1128 192 1183 226 25.
1209 190 1331 225 Martii
1358 190 1460 224 1555.
1806 191 1888 231 519

130 317 203 370 qui
232 317 276 358 in
303 316 388 357 -hoc
421 314 693 356 sanctissimo
726 313 881 363 studiO,
916 312 1027 354 sicut
1059 312 1311 366 praeclarae
1333 324 1466 352 mem:
1500 309 1709 351 Dominus
1732 307 1893 350 Eckius

129 381 277 431 fecit1,
310 382 606 435 perseuerant,
639 379 792 431 Neque
823 378 891 419 hic
923 378 1037 420 inter
1067 377 1223 419 laicum
1247 379 1291 418 et
1313 375 1518 417 Clericum
1553 375 1652 416 volo
1679 387 1774 415 esse
1806 373 1892 414 dis-

130 446 310 488 crimen:
335 459 412 499 pro
436 444 587 486 eadem
608 443 830 496 religione,
854 443 896 484 in
918 442 1068 484 eadem
1087 442 1224 492 domo,
1250 441 1328 482 sub
1345 454 1431 481 vno
1450 440 1684 492 eodemque
1701 440 1890 492 pastore,

128 511 172 553 in
204 510 416 563 communj
448 509 529 551 hoc
561 508 812 560 naufragio,
859 521 1026 548 summa
1059 520 1270 559 quemque
1303 504 1579 547 contentione
1611 503 1653 545 id
1686 517 1818 555 agere
1849 505 1894 545 et

128 589 286 629 vrgere
319 574 533 624 conuenit,
569 574 681 626 quod
713 587 791 628 pro
818 586 993 614 suorum
1019 571 1174 620 salute,
1208 584 1285 624 pro
1318 569 1462 624 patria
1494 569 1781 623 periclitante,
1815 581 1893 621 pro

129 641 222 683 vita
244 640 493 682 redimenda
516 640 660 681 facere
683 640 916 692 oporteret.
953 636 1035 678 Sed
1052 650 1149 677 mea
1167 636 1354 677 fortasse
1372 633 1665 676 consolatione
1685 631 1745 687 [Ρ]
1758 637 1771 651 ⁵¹
1788 632 1890 673 nihil

131 720 238 760 opus
270 704 621 747 constantissimo
653 703 760 752 viro,
793 702 1050 754 militique
1083 701 1302 754 christj‘2
1335 703 1378 742 et
1399 698 1635 741 Ecclesiae.
1683 697 1893 739 Dominus

129 785 281 812 verum
298 769 443 823 mundj
463 771 757 822 contemptum
775 770 820 810 et
837 767 901 808 sui
919 765 1103 807 nominis
1121 780 1324 815 amorem,
1347 765 1390 806 in
1409 764 1499 805 dies
1519 762 1658 816 magis
1681 777 1730 804 ac
1753 761 1894 815 magis

129 835 172 877 in
203 835 327 877 nobis
360 837 532 887 augeat,
567 834 874 884 confirmetque
906 831 1060 885 spiritu
1083 845 1173 881 suo,
1208 833 1257 872 vt
1288 829 1504 883 veritatj
1538 826 1891 870 testimonium

129 897 371 954 intrepideb
402 898 838 953 perhibeamus3.
884 896 1077 938 Viennae
1109 895 1245 949 pridie
1277 895 1348 936 Id:
1382 893 1585 936 Martias⁰
1618 906 1729 935 anno
1766 893 1891 934 1555.

556 962 854 1005 Excellentiae
885 964 987 1003 tuae

1181 1025 1339 1067 Seruus
1371 1024 1415 1066 in
1447 1023 1615 1066 Christo
1648 1023 1804 1065 Petrus

1295 1089 1490 1132 Canisius
1523 1088 1680 1130 Theol:

251 1188 439 1232 Inscriptio
464 1186 571 1220 huius
597 1184 772 1230 epistulae
798 1196 868 1217 non
894 1184 1070 1228 superest.
1122 1181 1190 1216 Sed
1226 1181 1380 1226 epistula
1414 1182 1492 1226 ipsa
1529 1180 1685 1214 ostendit
1711 1178 1895 1213 Canisium

132 1241 208 1275 viro
235 1241 391 1275 scribere
417 1240 485 1274 sibi
515 1238 784 1281 „amicissim0“‚
811 1236 985 1270 ecclesiae
1012 1235 1209 1270 catholicae
1236 1237 1271 1269 et
1297 1234 1486 1269 Societatis
1512 1234 1592 1268 Iesu
1619 1233 1798 1273 studioso,
1835 1232 1896 1275 qui

132 1295 167 1328 in
194 1294 349 1328 Bavaria
374 1304 506 1337 magna
530 1292 665 1337 polleat
690 1290 912 1325 auctoritate.
965 1288 1062 1330 Quae
1088 1289 1205 1323 omnia
1230 1289 1267 1322 in
1303 1288 1480 1321 neminem
1515 1287 1643 1321 melius
1679 1285 1896 1320 conveniunt

133 1359 239 1391 quam
266 1347 301 1380 in
326 1346 536 1389 Wiguleuin
562 1344 696 1378 Hundt.
747 1344 865 1387 Atque
891 1342 1000 1376 etiam
1028 1343 1160 1385 Python
1196 1341 1355 1376 affirmat
1391 1341 1457 1374 has
1494 1340 1635 1374 litteras
1679 1339 1742 1381 „ad
1768 1338 1895 1382 &Vigu—

133 1400 227 1434 leuin
246 1400 439 1440 Hundium,
464 1398 575 1432 Ducis
593 1397 734 1432 Alberti
752 1396 1038 1435 consiliariunff,
1065 1395 1168 1429 datas
1195 1406 1273 1429 esse
1289 1398 1312 1428 4.
1347 1396 1396 1428 At
1414 1406 1457 1427 en
1475 1393 1689 1427 difficultas:
1716 1393 1756 1426 In
1775 1391 1895 1426 codice

132 1453 337 1487 monacensi
363 1452 518 1498 epistula
544 1452 596 1486 sic
621 1450 764 1495 incipit:
796 1449 1007 1493 „Magnifice
1033 1449 1182 1482 Domine
1209 1447 1466 1482 Cancella1¹ie“.
1513 1447 1639 1480 Hundt
1664 1448 1785 1479 autem
1809 1447 1896 1478 tunc

134 1506 370 1541 cancellarius
396 1518 465 1540 non
492 1507 569 1539 erat
584 1506 606 1546 ⁵,
643 1506 750 1548 atque
785 1504 821 1537 in
856 1503 955 1543 aliis,
995 1513 1085 1546 quas
1111 1501 1277 1536 Canisius
1302 1501 1346 1535 ad
1373 1513 1454 1535 eum
1480 1500 1596 1541 dedit,
1636 1498 1801 1544 epistulis
1826 1509 1897 1531 non

138 1559 412 1602 .cancellarius“
444 1558 665 1604 appellatur,
697 1557 759 1592 sed
791 1556 1067 1599 „consiliai·ius“,
1103 1556 1210 1600 idque
1244 1556 1352 1588 recte.
1403 1554 1485 1588 Ideo
1511 1553 1638 1587 Riessss
1665 1554 1700 1586 et
1725 1551 1896 1585 Brandffl

133 1616 262 1658 putant
289 1612 470 1647 Canisium
497 1612 589 1645 hanc
616 1610 806 1656 epistulam
833 1622 903 1644 non
930 1609 973 1643 ad
1000 1608 1183 1642 Hundium
1209 1608 1366 1649 misisse,
1405 1607 1467 1641 sed
1506 1607 1549 1641 ad
1577 1606 1754 1640 Simonem
1781 1604 1897 1638 Thad-

134 1667 261 1700 daeum
288 1665 375 1706 Eck,
402 1665 520 1699 virum
545 1664 741 1698 catholicae
766 1662 950 1706 religionis
976 1662 1288 1703 studiosissimum,
1317 1663 1353 1695 et
1378 1661 1439 1704 qui
1462 1662 1547 1694 tunc
1566 1659 1801 1693 cancellarius
1820 1659 1897 1691 erat

132 1720 398 1762 burghusanus.
434 1719 481 1752 At
506 1718 601 1752 hunc
627 1718 698 1751 iam
723 1719 809 1750 tunc
828 1716 969 1750 Canisio
1000 1715 1295 1757 „ainicissimiini“
1326 1716 1362 1748 et
1388 1716 1512 1748 tantae
1531 1713 1756 1747 auctoritatis
1773 1711 1897 1751 fuisse,

133 1775 173 1806 ut
204 1772 480 1813 „excellentiae“
511 1771 616 1805 titulo
643 1772 852 1810 ornaretur,
880 1769 1118 1803 demonstrari
1145 1768 1207 1802 vix
1233 1767 1373 1812 poterit.
1416 1767 1593 1811 Equidem
1619 1768 1703 1810 puto
1728 1764 1896 1799 mendum

134 1826 321 1870 irrepsisse
359 1824 514 1865 librarii;
554 1824 613 1868 qui
650 1823 757 1857 etiam
791 1823 827 1856 in
854 1824 1016 1856 extrema
1041 1822 1147 1856 huius
1174 1821 1349 1866 epistulae
1375 1823 1478 1865 parte
1504 1819 1650 1864 scripsit
1680 1818 1811 1863 „pridie
1838 1817 1896 1852 Id:

134 1879 327 1918 Matliiae“,
355 1890 435 1912 cum
466 1877 597 1922 „pridie
622 1877 681 1911 Id:
708 1876 878 1910 Martias“
909 1875 1016 1909 scribi
1042 1877 1233 1920 oporteret.
1269 1874 1461 1919 Scripserit
1487 1885 1571 1917 ergo
1597 1874 1693 1906 recte
1713 1871 1897 1905 Canisius:

140 1931 404 1973 ,Consiliarie“,
433 1933 468 1964 et
493 1930 660 1964 librarius
686 1930 721 1964 id
747 1929 841 1962 male
868 1929 1087 1962 converterit
1112 1928 1148 1961 in
1179 1927 1454 1970 „Cancellarie¹⁴.

951 2046 1072 2087 169.

866 2139 1162 2187 CANISIUS

698 2238 978 2282 SANGTO
1011 2237 1341 2281 IGNATIO.

767 2329 907 2365 Vienna
933 2329 988 2365 25.
1014 2328 1140 2364 Martii
1166 2328 1258 2364 1555.

254 2413 309 2447 Ex
336 2412 559 2457 autographo
589 2412 666 2457 (20;
693 2412 760 2455 3¹l2
787 2424 865 2457 pp.;
892 2412 928 2446 in
954 2425 986 2457 p.
1014 2413 1046 2446 4.
1075 2412 1180 2446 inscr.
1209 2413 1244 2446 et
1269 2423 1353 2456 pars
1379 2410 1476 2454 sig).

254 2541 267 2554 ³
291 2537 350 2569 Sie
384 2536 456 2569 coel.
492 2546 609 2574 mon.;
643 2536 702 2568 sed
737 2535 904 2568 Cani-sius
937 2536 1118 2577 scripsisse
1154 2535 1202 2568 cel
1235 2536 1355 2568 saltem
1387 2534 1538 2567 seribere
1574 2534 1719 2566 voluisse
1755 2534 1899 2566 omnino

136 2590 294 2622 videtur:
319 2588 574 2622 cohortatione.
717 2586 732 2606 b
754 2587 930 2631 intrepido
957 2588 1029 2621 cod.
1058 2599 1148 2621 mon.

255 2647 264 2660 ⁰
291 2641 403 2685 pridie
438 2641 496 2675 Id:
532 2640 692 2674 Mathiae
728 2642 800 2674 eod.
836 2652 926 2674 mon.
983 2641 1069 2674 Cam
1102 2642 1229 2682 festum
1257 2642 1293 2674 S.
1321 2640 1494 2673 Blattlze'ae
1525 2641 1580 2673 24.
1608 2639 1804 2672 Februarii
1838 2640 1899 2681 aye?

135 2696 254 2738 soleat,
284 2696 452 2728 Canis-ins
477 2695 567 2727 diem
596 2697 649 2727 12.
670 2694 866 2727 Februarii
891 2695 1129 2736 sl'fflzisic·t183et.
1167 2694 1235 2726 Sed
1261 2694 1421 2726 dubitari
1449 2694 1506 2725 νῶι·
1527 2697 1647 2736 potest,
1674 2693 1758 2735 quin
1788 2691 1899 2724 libra-

136 2751 215 2782 rius
240 2749 296 2781 laic
322 2758 457 2791 quoqne
476 2749 684 2790 peccaverit,
712 2747 784 2779 loco
813 2747 970 2779 vocabule·
989 2745 1141 2779 Martias
1167 2747 1278 2788 leyen-s·
1306 2748 1354 2779 ce(
1378 2747 1497 2779 saltem
1524 2746 1701 2778 scribens:
1727 2744 1895 2778 Mathiae.

137 2803 235 2835 Haec
261 2802 350 2833 enlm
378 2801 450 2832 ‹lieef
475 2800 677 2832 ascribendi
703 2801 797 2832 ratio
824 2801 966 2832 omnino
995 2800 1136 2833 insolita
1164 2804 1256 2832 esset.

260 2915 267 2933 ¹
294 2915 367 2947 Aut
392 2912 615 2946 Leonarduni
650 2912 694 2946 ab
722 2912 816 2953 Eek,
853 2912 1032 2946 Guilielmi
1060 2912 1119 2946 IV.
1156 2912 1398 2947 consiliarium
1434 2915 1470 2947 et
1503 2912 1752 2947 universitatis
1786 2912 1898 2956 ingol-

136 2966 329 3001 stadiensis
355 2968 556 3011 patronum,
583 2965 774 3009 significat,
801 2967 863 2999 aut
889 2977 1068 2999 summum
1094 2965 1197 2999 illum
1223 2965 1430 3008 theologum
1459 2966 1624 3000 Ioannem
1652 2965 1809 3000 Eccium.

257 3020 270 3040 ²
296 3020 316 3053 2
343 3019 432 3053 Tim.
461 3019 492 3060 2,
520 3019 551 3052 3.
698 3019 710 3038 ³
739 3018 784 3052 lo.
812 3019 843 3059 5,
872 3018 936 3059 33;
966 3019 1019 3059 18,
1048 3019 1101 3053 37.
1247 3021 1259 3039 ⁴
1286 3019 1372 3053 Vita
1398 3018 1531 3053 Canisii
1557 3031 1591 3063 p.
1619 3019 1673 3053 74.

256 3073 269 3093 ⁵
295 3074 434 3115 Mcmfr.
462 3074 601 3115 Mayer,
628 3071 754 3105 Hundt
779 3083 812 3116 p.
840 3072 990 3106 20—30.
1018 3071 1119 3106 305¹.
1265 3073 1277 3092 ⁰
1304 3072 1469 3106 Canisius
1495 3084 1527 3117 p.
1557 3072 1622 3106 147
1634 3072 1656 3106 ².

257 3126 268 3146 7
294 3125 518 3160 Historische
556 3125 779 3166 Zeitschrist,
822 3125 1116 3168 hcrausgegeben
1159 3137 1228 3159 von
1267 3127 1393 3159 Heinr.
1434 3138 1460 3159 ι’.
1501 3126 1604 3169 Sybel
1641 3125 1711 3160 und
1751 3127 1896 3159 Frieclr.

138 3179 326 3223 Meineelce,
352 3178 501 3211 LXXIII
531 3177 724 3221 (Miinchen
752 3178 821 3211 und
849 3177 994 3222 Leipzig
1023 3178 1140 3221 1894),
1169 3179 1247 3212 513.
