2113 3430
1042 765 1104 807 IV

373 863 686 921 'FABULAE
724 862 1260 920 CHRONOLOGIGAE
1297 862 1506 918 VITAE
1546 862 1797 919 GANISII

290 975 315 1003 a
345 974 498 1003 mense
527 963 643 1002 Maio
673 962 783 1002 anni
812 962 913 1003 1521
942 973 1085 1011 usque
1116 961 1170 1001 ad
1198 972 1397 1001 mensem
1427 960 1592 1000 Iulium
1621 960 1731 1000 anni
1760 961 1882 1002 1556.

323 1059 419 1102 Quae
444 1060 492 1092 ad
516 1060 652 1103 scripta
678 1071 699 1092 (ι
723 1058 867 1093 Ccmisio
894 1063 923 1092 et
942 1059 1026 1092 (ιῖῖῖε
1044 1059 1138 1092 edita
1150 1060 1344 1102 pertinent,
1372 1059 1521 1091 censivis
1539 1059 1666 1091 litteris
1684 1058 1860 1101 descripta
1877 1063 1973 1091 sime.

320 1124 430 1166 Sifsno
447 1142 493 1146 ——
512 1124 648 1158 (luobus
673 1124 889 1167 temporibus
914 1124 1121 1166 interposito
1147 1123 1332 1156 indicatur
1349 1128 1494 1166 tempus,
1522 1133 1589 1166 qno
1608 1122 1748 1166 ale'quid
1764 1123 1900 1164 factum
1917 1124 1975 1163 sit,

200 1183 322 1211 structo
349 1188 496 1211 numero
523 1178 678 1220 exprimi
704 1188 773 1211 non
796 1187 911 1220 passe,
937 1177 997 1209 sed
1022 1177 1157 1209 duobus
1185 1177 1256 1209 illis
1281 1176 1496 1219 temporibus
1521 1177 1722 1209 terminari.

269 1268 378 1308 1521

210 1394 444 1430 1525—1546

210 1448 445 1484 1526—1539

198 1556 240 1591 A.
267 1555 358 1590 1535
385 1567 463 1605 ΘΧ-ἰ

227 1612 334 1644 eunte
360 1609 419 1643 vel

200 1663 291 1698 1536
324 1663 462 1715 ineunff*

199 1752 264 1796 Ab
277 1754 441 1797 a.1536
459 1747 461 1798 l

219 1819 274 1862 ad
310 1820 422 1861 1546

272 1901 363 1935 1536

273 1954 364 1989 1536

211 2007 446 2043 1536—1540
464 2026 466 2062 i!

202 2114 377 2150 1536—43
396 2114 445 2160 (22)

272 2168 364 2203 1538

273 2275 364 2311 1538

273 2329 363 2364 1539

274 2436 364 2470 1540

273 2489 364 2524 1540

273 2627 374 2664 1:342]

274 2759 364 2794 1543

273 2898 385 2938 1543

274 3036 365 3070 1543

274 3120 376 3157 1543

565 1265 669 1309 Maii
703 1267 742 1309 8.

577 1899 651 1934 Ian.
680 1900 735 1935 18.

577 1952 669 1987 Nov.
697 1953 729 1987 3.

561 2166 664 2202 Febr.
692 2167 748 2203 21.

562 2273 669 2308 Mart.
699 2275 753 2308 15.

568 2328 655 2372 Apr.
682 2327 738 2362 21.

560 2434 662 2469 Febr.
691 2434 746 2469 25.

572 2488 660 2522 Maii
686 2488 742 2523 25.

566 2896 670 2938 Maii
705 2898 743 2940 8.

611 3036 696 3070 Maii

581 3119 664 3157 Iun.
697 3120 729 3157 53.

876 1266 1033 1308 Petrus
1065 1265 1261 1308 Canisius
1293 1264 1546 1321 Noviomagi
1576 1265 1783 1308 nascitur.

877 1341 990 1376 Paulo
1015 1344 1098 1387 post
1122 1347 1239 1376 matre
1265 1341 1422 1376 orbatur.

878 1393 1122 1430 Boscoducum
1149 1397 1185 1429 et
1211 1393 1455 1430 Osterwicum
1480 1395 1592 1430 venit.

877 1446 1067 1483 Arnhemii
1093 1460 1114 1483 a
1133 1450 1259 1483 sancta
1278 1449 1432 1493 quadam
1450 1449 1560 1483 vidua
1577 1449 1620 1483 de
1638 1460 1730 1482 novo
1749 1448 1901 1492 quodam
1921 1460 1975 1482 or-

938 1500 1019 1535 dine
1044 1501 1265 1536 instituendo
1283 1513 1393 1546 seque
1411 1502 1525 1536 eidem
1544 1502 1775 1546 aggregando
1794 1502 1975 1536 edocetur.

879 1553 1085 1589 Studiorum
1117 1567 1227 1590 causa
1253 1553 1438 1590 Coloniam
1472 1555 1638 1590 mittitur.
1690 1555 1842 1589 Bursam
1876 1567 1977 1589 mon—

936 1610 1059 1642 tanam
1085 1608 1304 1653 frequentat.

878 1752 927 1793 In
961 1751 1249 1796 universitate
1290 1751 1522 1795 coloniensi
1563 1751 1722 1795 litteris
1763 1751 1839 1794 dat
1872 1765 1976 1806 ope-

938 1830 1045 1860 ram.

879 1898 920 1933 In
946 1898 1172 1933 matriculam
1198 1899 1448 1934 universitatis
1474 1898 1686 1933 coloniensis
1711 1898 1929 1934 inscribitur.

880 1951 1112 1986 Baccalarius
1139 1952 1175 1986 in
1201 1953 1339 1987 artibus
1365 1954 1519 1987 creatur.

880 2005 1097 2040 Laurentius
1134 2005 1259 2040 Surius
1292 2006 1434 2041 Canisio
1472 2006 1666 2040 adiuvante
1704 2017 1749 2040 ex
1785 2005 1978 2040 lutherano

939 2058 1139 2094 catholicus
1165 2059 1206 2093 fit
1233 2060 1290 2103 (ut
1314 2059 1488 2103 videtur).

881 2111 1046 2147 Canisius
1074 2112 1241 2147 Coloniae
1267 2112 1487 2157 aliquamdiu
1513 2113 1569 2147 ius
1595 2112 1701 2147 civile
1727 2112 1844 2147 discit.

880 2166 935 2200 Ad
975 2178 1125 2200 examen
1167 2178 1230 2212 pro
1272 2165 1439 2209 „licentia
1476 2166 1513 2200 in
1550 2166 1709 2201 artibus“
1751 2165 1977 2200 subeundum

939 2219 1153 2254 admittitur.

884 2272 1127 2315 „Licentiatus
1154 2273 1304 2307 artium“
1334 2274 1487 2307 creatur.

879 2324 1030 2361 Lovanii
1056 2326 1267 2361 matriculae
1293 2325 1543 2361 universitatis
1572 2325 1789 2366 inscribitur,
1825 2324 1892 2359 iuri
1919 2336 1975 2359 ca—

937 2379 1064 2414 nonico
1090 2391 1234 2425 operam
1261 2380 1420 2414 daturus.

880 2431 1017 2478 Sponsa
1043 2433 1231 2478 repudiata
1256 2433 1454 2478 perfectam
1484 2432 1689 2467 castitatem
1714 2431 1789 2466 Deo
1814 2433 1934 2465 vovet.

880 2484 1047 2521 Coloniae
1078 2486 1271 2530 „magister
1297 2486 1447 2520 artium“
1478 2486 1556 2520 sive
1582 2485 1704 2519 doctor
1729 2484 1979 2530 philosophiae

940 2542 1094 2574 creatur.

879 2624 1097 2661 Editionem
1131 2625 1389 2673 yermam‘cam
1426 2635 1581 2672 operum
1618 2623 1777 2659 Ioannis
1820 2622 1977 2659 Taulara·

931 2688 1063 2731 parat.

880 2756 1104 2804 Moguntiam
1131 2758 1175 2792 ad
1202 2758 1241 2792 B.
1268 2757 1416 2791 Petrum
1442 2756 1596 2791 Fabrum
1623 2755 1656 2791 S.
1676 2757 1707 2790 J.
1735 2754 1977 2801 proficiscitur

940 2823 1052 2856 eoque
1079 2812 1167 2846 duce
1197 2811 1392 2853 „exercitia
1417 2810 1639 2856 spiritualia“
1669 2809 1878 2853 ingreditur.

880 2897 919 2938 A
952 2896 1093 2938 Fabro
1134 2895 1177 2937 in
1218 2894 1463 2938 tirocinium
1497 2893 1728 2937 Societatis
1764 2893 1862 2933 Iesu
1903 2905 1974 2933 re-

941 2960 1111 3015 cipitur.

881 3034 1062 3072 Coloniam
1088 3036 1182 3070 redit
1208 3037 1244 3070 et
1267 3035 1470 3070 litterarum
1496 3033 1615 3068 studia
1640 3032 1878 3077 prosequitur.

880 3120 1094 3156 Editionem
1142 3119 1298 3156 Tauleri
1339 3132 1363 3155 (ι
1403 3131 1441 3155 se
1481 3121 1651 3154 curatam
1693 3116 1974 3165 archiepiscopo

938 3179 1112 3216 lundensi
1141 3179 1299 3215 dedicat.
