2113 3430
222 218 306 259 456
377 215 452 248 147.
490 214 655 248 Canisius
683 214 939 259 Christophoro
965 214 1156 258 Hillinger.
1198 215 1323 250 Mense
1349 216 1480 250 Martio
1507 217 1565 251 vel
1591 216 1706 262 Aprili
1735 217 1836 252 1554.

428 349 683 391 Reuerende
716 348 886 391 domine
919 349 1129 392 Officialis
1160 350 1306 404 gratia
1338 351 1498 394 Christi
1530 352 1764 395 nobiscum.

339 437 519 479 Audiuit
551 451 688 491 nuper
719 437 967 479 humanitas
998 440 1088 489 tua,
1123 451 1252 491 quam
1284 439 1478 481 modeste
1509 454 1560 482 ac
1592 440 1818 484 sinceriter
1850 439 1991 494 egeri-

221 516 315 544 mus
348 516 444 544 cum
476 502 527 544 D.
562 501 738 544 Andrea
770 502 947 556 Cupicz,
987 504 1036 544 ut
1069 506 1287 545 errantem
1319 503 1363 544 in
1395 503 1509 545 viam
1543 505 1857 548 reduceremus,
1922 505 1991 548 Sic

221 567 358 609 enim⁶
399 581 425 609 a
465 567 587 609 nobis
628 567 850 621 postulare
892 567 1010 609 uisus
1053 570 1120 610 est
1162 568 1564 611 Reuerendissimus
1601 571 1651 613 D.
1686 570 1991 613 Patauiensis1

220 646 306 674 una
339 646 434 674 cum
467 632 710 686 Magnificis
743 632 926 674 dominis
958 632 1083 686 Regij
1117 633 1305 675 Senatus
1321 634 1349 676 2.
1414 634 1577 676 Verum
1614 635 1658 677 in
1690 650 1740 678 eo
1779 635 1990 689 colloquio

221 712 315 740 cum
349 697 591 750 loquaciter
622 701 667 740 et
698 697 995 752 imprudenter
1026 698 1099 741 ille
1130 699 1269 741 multa
1302 699 1518 750 effutiret,
1560 699 1604 741 in
1637 700 1891 753 quibusdam
1922 715 1990 742 re-

220 763 432 817 spondere
454 777 539 805 non
561 766 723 817 posset,
757 763 996 806 consultius
1021 763 1115 805 fore
1147 763 1410 818 putauimus,
1444 763 1480 805 si
1501 764 1656 818 prioris
1679 779 1807 819 quam
1829 766 1992 808 aedidit

221 828 504 870 confessionis
532 828 805 870 incommoda
826 827 888 869 illi
909 843 987 883 per
1009 829 1219 883 scriptum
1242 843 1593 883 proponeremus,
1628 832 1673 873 et
1694 834 1742 873 ut
1764 832 1818 873 ad
1841 831 1992 873 eadem

220 893 504 948 responderet
544 907 622 948 per
653 893 862 947 scriptum
893 893 1191 936 inuitaremus.
1256 894 1396 947 Igitur
1427 908 1590 949 paucas
1622 895 1683 950 illj
1718 896 1992 949 quaestiones

220 973 276 1000 ex
308 973 386 1000 sua
408 959 542 1013 ipsius
575 958 846 1001 confessione
879 959 1086 1002 collectas
1118 959 1311 1001 misimus
1344 962 1552 1013 rogantes
1584 963 1632 1003 ut
1664 960 1918 1014 simpliciter
1949 964 1993 1004 et

220 1023 413 1066 breviter
452 1023 496 1066 in
536 1023 836 1078 respondendo
878 1026 1043 1078 ageret.
1107 1024 1186 1066 Ille
1227 1039 1330 1067 uero
1373 1025 1528 1066 librum
1569 1025 1903 1076 resolutionum,
1945 1028 1993 1068 ut

218 1088 311 1143 ipse
344 1092 484 1140 uocat,
518 1089 734 1143 prolixum
768 1092 812 1132 et
843 1090 1075 1132 molestum
1107 1090 1261 1145 lectorj
1294 1090 1469 1144 parauit
1502 1093 1547 1133 et
1577 1093 1754 1145 praeter
1786 1093 1992 1145 expect-a-

218 1154 382 1197 tionem
414 1157 610 1197 nostram
643 1169 812 1197 errores
844 1155 965 1197 addit
998 1155 1214 1197 erroribus
1253 1157 1301 1197 ut
1334 1170 1509 1198 causam
1541 1170 1665 1198 suam
1697 1156 1833 1198 faciat
1864 1156 1992 1209 longe

219 1233 349 1273 quam
381 1222 513 1262 antea
545 1220 816 1262 deteriorem.
856 1220 1047 1263 ‘Omitto
1089 1235 1219 1274 quam
1260 1221 1523 1263 mordaciter
1555 1235 1606 1263 ac
1647 1221 1897 1276 petulanter
1927 1221 1993 1262 in-

219 1287 412 1328 sectetur
444 1285 666 1328 Ecclesiae
708 1286 853 1340 capita
895 1288 939 1328 et
982 1286 1179 1328 Summos
1211 1286 1520 1340 Magistratus,
1563 1301 1691 1340 quam
1734 1289 1885 1341 aperte
1918 1287 1992 1328 de-

218 1349 371 1393 fendat
401 1350 645 1393 haereticos
668 1354 712 1394 et
734 1354 907 1394 euertat
938 1351 1032 1406 ipsa
1054 1351 1275 1405 religionis
1297 1354 1475 1394 nostrae
1506 1352 1803 1402 fundamenta,
1839 1351 1992 1405 quibus

221 1416 355 1457 semel
387 1416 571 1459 sublatis
603 1416 768 1459 frustra
801 1416 938 1458 omnis
972 1417 1023 1458 de
1053 1417 1136 1458 fide
1168 1417 1376 1460 tractatio
1409 1421 1453 1460 et
1486 1418 1722 1471 disputatio
1745 1416 1990 1471 suscipitur.

220 1480 375 1534 Neque
417 1495 513 1523 cum
547 1481 782 1524 admonitio
815 1485 967 1525 nostra
1007 1496 1147 1535 neque
1189 1496 1384 1524 errorum
1416 1483 1492 1525 illa
1524 1482 1878 1525 commonstratio
1915 1496 1994 1536 per

221 1546 498 1599 quaestiones
521 1561 546 1589 3
568 1547 691 1589 1101115
723 1547 843 1590 facta
876 1545 1130 1600 quicquamb
1163 1547 1276 1602 apud
1308 1547 1427 1589 illum
1461 1547 1696 1602 profecerit
1718 1548 1833 1589 haud
1863 1547 1992 1590 intel-

220 1611 307 1665 ligo
350 1612 450 1665 quid
482 1611 526 1653 in
559 1626 611 1654 03
652 1626 783 1654 031153
826 1612 883 1654 sit
924 1613 1139 1666 agendum
1180 1612 1303 1654 nobis
1344 1613 1550 1667 amplius,
1592 1613 1850 1667 praesertim
1895 1626 1992 1654 cum

219 1676 435 1719 uoluntati
468 1680 512 1719 et
545 1677 802 1720 authoritati
835 1677 1103 1720 dominorum
1137 1678 1188 1719 de
1220 1677 1446 1732 Regimine
1487 1678 1651 1720 factum
1685 1692 1710 1719 3
1741 1677 1864 1720 nobis
1897 1691 1992 1720 esse

219 1741 328 1784 satis
360 1741 623 1785 arbitremur
638 1744 666 1786 3.
731 1743 940 1785 Dominus
972 1744 1100 1786 ε105115
1133 1743 1372 1785 errantium
1405 1743 1534 1785 corda
1569 1745 1795 1786 conuertat
1837 1743 1988 1785 Amen.

1229 1831 1386 1874 Petrus
1418 1831 1614 1873 Canisius
1646 1830 1870 1874 facultatis

1271 1903 1560 1957 Theologicae
1592 1903 1794 1944 Decanus
1807 1903 1835 1944 4.

339 2006 594 2049 Reuerendo
627 2007 810 2049 Domino
845 2007 1031 2061 Officialj
1064 2007 1322 2062 patauiensi.

339 2178 351 2192 ³
376 2174 435 2207 Sic
461 2175 701 2207 resolrendum
739 2179 786 2208 est
819 2175 945 2217 sisflum
975 2186 1040 2215 .n.‚
1076 2175 1169 2218 qnod
1196 2176 1230 2207 in
1260 2175 1467 2218 apoyraplto
1504 2178 1623 2207 nostro
1650 2179 1707 2207 est.
1759 2174 1982 2206 HTedemann

220 2227 318 2259 haud
344 2232 456 2260 recte:
481 2239 561 2261 non.

338 2284 352 2304 ¹³
375 2286 487 2319 Hand
512 2292 601 2320 recte
631 2288 758 2321 und..-
784 2286 965 2331 quicquid.

219 2444 379 2485 kirchen,
406 2444 509 2479 vicus
535 2444 703 2478 Austriae
729 2444 928 2485 inferioris,
965 2456 1073 2489 prope
1101 2444 1230 2477 Krems
1264 2442 1372 2486 situs)
1411 2443 1685 2478 administrabat
1722 2455 1833 2487 eoque
1870 2443 1987 2477 officio

220 2497 263 2532 ad
300 2498 613 2532 Lutheranismum
650 2498 921 2542 propagandum
960 2497 1186 2531 abutebatur.
1246 2497 1395 2530 Ineunte
1435 2499 1555 2530 autem
1590 2497 1722 2531 Martio
1762 2497 1845 2531 anni
1887 2497 1987 2537 1554,

220 2551 365 2585 iubente
392 2551 561 2585 Austriae
596 2551 776 2585 inferioris
811 2553 939 2585 senatu
965 2550 1042 2584 sive
1074 2549 1302 2593 „1·egi1nine“‚
1338 2549 1513 2584 Viennam
1541 2550 1718 2584 abductus
1744 2552 1780 2584 et
1807 2551 1837 2584 7.
1865 2549 1988 2583 Martii

220 2604 349 2638 ibidem
376 2604 413 2638 in
439 2616 618 2639 carcerem
645 2603 811 2638 officialis
836 2603 1081 2649 passaviensis¹
1108 2603 1268 2637 inclusus
1295 2606 1350 2637 est
1378 2603 1618 2646 (Wieflemann
1645 2603 1666 2637 l.
1687 2615 1715 2637 c.
1735 2603 1796 2644 III,
1819 2603 1986 2646 12—13).

221 2658 389 2692 Austriae
427 2660 593 2692 senatum
631 2658 675 2692 ad
713 2657 899 2702 Cupicium
937 2656 1148 2702 capiendum
1186 2656 1375 2690 incitatum
1414 2668 1493 2690 esse
1532 2668 1551 2690 3
1589 2656 1730 2690 03111510
1770 2668 1814 2690 ex
1853 2655 1985 2690 litteris

221 2711 377 2751 Polanci,
404 2711 517 2745 Roma
544 2711 599 2745 21.
627 2711 707 2745 Iulii
736 2711 827 2745 1554
854 2711 897 2744 ad
925 2710 1092 2744 comitem
1119 2710 1161 2744 de
1187 2710 1312 2744 Melito
1339 2709 1444 2750 datis,
1471 2710 1584 2743 conici
1611 2710 1764 2744 fortasse
1790 2711 1919 2754 potest,
1950 2708 1986 2742 in

221 2764 350 2808 quibus
377 2765 419 2798 de
447 2764 588 2798 03111510
623 2764 811 2799 scribitur:
853 2766 904 2806 „A
931 2775 973 2798 su
1008 2763 1244 2807 instigacion,
1280 2774 1319 2797 se
1345 2763 1416 2797 han
1443 2763 1577 2796 echado
1606 2774 1648 2797 en
1674 2762 1809 2807 prision
1835 2762 1985 2805 algunos

222 2817 471 2861 prcdicadorcs
498 2818 540 2852 de
566 2817 725 2851 heretica
751 2817 932 2851 doctrina“
967 2816 1111 2860 (Cartas
1138 2817 1181 2850 de
1208 2818 1282 2850 San
1312 2817 1457 2859 Ιφιαείο
1483 2815 1543 2857 IV,
1571 2815 1669 2859 235).

343 2878 351 2897 ¹
380 2876 623 2920 XVolfgangus
650 2888 770 2911 comcs
796 2877 839 2910 de
866 2876 975 2910 Salui.

342 2936 354 2955 ²
384 2936 605 2978 „Regentes⁴·'
645 2938 745 2970 crant
780 2935 922 2970 Domini
958 2935 1000 2969 de
1036 2934 1304 2969 Schonkirchen
1340 2936 1375 2968 et
1414 2934 1455 2968 de
1492 2932 1702 2968 Losenstein
1740 2932 1983 2975 (Wiedemann

225 2986 244 3019 l.
273 3000 302 3019 (·.
332 2988 390 3027 111,
420 2988 491 3031 12).

344 3048 355 3063 ³²
382 3046 549 3091 Cupicius
575 3050 655 3092 post
682 3048 804 3082 decem
831 3048 905 3081 sere
933 3058 1074 3081 menses
1100 3047 1135 3080 in
1163 3046 1387 3090 Hungariam
1413 3045 1555 3089 aufugit
1583 3044 1640 3087 (B.
1668 3044 1853 3086 Raupach,
1881 3043 1984 3077 Pres-

224 3097 445 3141 byterologia
472 3101 663 3135 Austriaca
690 3100 892 3144 [Hamburg
921 3100 1023 3144 1741]
1050 3112 1083 3145 p.
1111 3100 1281 3143 23—24).

343 3158 353 3175 ⁴
383 3156 545 3191 0311151115
572 3158 731 3193 Viennae
767 3160 979 3193 decanatum
1013 3158 1199 3193 facultatis
1234 3157 1456 3200 theologicae
1491 3155 1650 3199 suscepit
1685 3166 1806 3189 mense
1837 3155 1984 3189 Octobri

225 3220 255 3242 a.
288 3209 375 3242 1553
407 3209 590 3253 (1111]ψΙνΓ
617 3211 638 3245 1.
667 3224 695 3245 (¹.
723 3223 755 3256 p.
783 3213 882 3254 475).
