2113 3430
650 197 807 232 Monum.
837 198 1097 242 (bononiensia)
1126 199 1181 233 30.
1212 199 1347 243 (1549.)
1795 202 1878 243 685

118 315 249 358 etiam
280 314 526 357 haereticus
558 319 647 366 est,
691 317 761 369 qui
795 317 847 359 de
880 317 1086 370 gradibus
1129 318 1357 360 affinitatis
1390 321 1434 361 et
1466 318 1881 372 consanguinitatis‘*

117 379 320 433 loquitur,
356 394 452 421 cum
485 380 572 423 sint
603 382 765 434 gradus
798 383 1068 433 obseruandi,
1104 397 1210 436 quos
1237 382 1436 425 Ecclesia
1469 383 1630 425 Sancta
1662 383 1878 434 obseruat‚

118 446 162 487 et
194 444 401 497 quosdam
433 446 595 498 gradus
628 446 759 488 etiam
782 449 939 489 natura
962 447 1056 501 ipsa
1083 448 1300 498 abhorret,
1335 450 1384 490 ut
1415 447 1612 502 primum,
1646 448 1880 490 secundum

117 509 230 562 quod
263 508 394 552 etiam
417 510 676 552 Aristoteles
708 510 799 565 ipse
832 512 1052 554 testatur1
1086 515 1167 554 etc.
1202 512 1369 565 aliquos
1402 513 1533 554 etiam
1559 513 1776 566 prohibuit
1807 514 1877 555 lex

117 573 268 624 ciuilis,
303 574 471 627 aliquos
503 575 770 629 Euangelica
805 610 812 618 .
848 574 1006 618 etc.¹'2‘⁴

543 710 578 757 o)
619 706 785 752 Laurea
817 705 1063 766 theologica
1096 707 1260 754 Canisio
1294 708 1463 754 collata.

948 806 1039 847 30.

948 889 1042 925 1549.

236 971 291 1005 Ex
317 972 481 1017 epistulis
508 972 751 1017 autographis,
778 984 869 1017 quae
895 975 980 1007 sunt
998 973 1199 1007 Florentiae
1224 974 1258 1007 iu
1277 974 1422 1008 archivo
1441 975 1538 1017 regio
1561 974 1698 1017 („regio
1716 974 1876 1009 archivio

118 1024 153 1057 di
178 1024 326 1067 stato‘),
355 1026 430 1059 cod.
462 1026 589 1067 „Carte
616 1026 829 1060 Cerviniane
853 1026 1005 1060 XVIII.“

239 1102 433 1145 Ccme'sium,
454 1103 580 1142 Ictium,
600 1103 840 1136 Salmeronem
859 1114 1003 1135 escamen
1021 1103 1249 1144 tlleoloffl’cmn
1266 1103 1412 1136 subiisse
1430 1108 1459 1135 et
1479 1105 1575 1136 valde
1590 1105 1758 1147 probatos
1771 1115 1839 1137 esse
1851 1104 1873 1137 ³.

233 1184 410 1232 Angelus
439 1185 715 1230 Massarellus,
756 1184 992 1222 secretarius
1026 1184 1178 1222 concilii
1207 1184 1430 1231 tridentini,
1469 1185 1656 1223 Marcello
1688 1185 1876 1223 cardinali

115 1240 281 1280 Cervino
303 1243 382 1292 (qui
403 1246 539 1293 postea
560 1244 769 1281 Marcellus
799 1243 849 1281 II.
871 1243 1048 1292 pontifex
1078 1243 1180 1291 fuit),
1211 1244 1388 1281 Bononia
1412 1245 1470 1282 18.
1492 1244 1731 1294 Septembris
1754 1246 1873 1282 1549:

233 1359 240 1366 .
283 1360 290 1367 .
332 1325 579 1375 .,‚Hiersera
622 1325 748 1367 hebbi
793 1326 846 1367 da
890 1326 1075 1367 Ferrara
1119 1327 1144 1367 l’
1170 1326 1350 1379 alligata
1394 1327 1554 1368 lettera
1599 1327 1639 1368 di
1684 1331 1873 1370 maestro

114 1389 310 1431 claudio4
344 1425 351 1432 .
378 1425 385 1432 .
414 1426 420 1432 .
448 1426 454 1432 .
491 1391 625 1432 Credo
659 1391 723 1432 ch'
743 1405 838 1432 esso
872 1393 1062 1432 maestro
1096 1391 1271 1433 Claudio
1311 1391 1462 1445 sappia
1495 1392 1573 1433 che
1612 1392 1694 1433 don
1727 1392 1874 1435 Pietro

113 1454 282 1496 Canisio
305 1457 328 1496 e
349 1455 422 1508 gia
448 1455 639 1497 arriuato
673 1470 770 1509 qua,
804 1458 849 1498 et
869 1459 973 1510 pero
996 1456 1074 1498 che
1096 1471 1228 1498 ancor
1250 1457 1309 1497 lui
1332 1456 1447 1509 uogli
1472 1457 1605 1498 uenir’
1630 1471 1655 1498 a
1677 1458 1874 1511 Bologna

112 1532 190 1572 per
230 1520 375 1574 spedir
416 1520 445 1561 il
486 1521 551 1562 lor
582 1521 838 1571 Dottorato,
871 1521 898 1562 l’
922 1521 976 1562 ho
1018 1522 1151 1563 molto
1194 1536 1319 1572 caro,
1366 1522 1564 1564 accioche
1604 1537 1733 1576 possa
1773 1522 1873 1564 farli

113 1584 257 1638 spedir
288 1585 437 1627 auanti
471 1586 534 1627 ch’
560 1599 735 1628 occorra
767 1586 809 1627 la
841 1585 927 1628 mia
959 1586 1144 1640 partita“
1177 1621 1184 1629 .
1212 1622 1218 1629 .

231 1678 336 1716 Ideni
368 1678 503 1723 eidem,
533 1679 711 1716 Bononia
741 1681 775 1717 2.
807 1678 988 1716 Octobris
1021 1680 1144 1716 1549:

238 1761 406 1814 „Hoggi
429 1761 464 1802 si
488 1764 510 1802 e
534 1761 645 1804 fatto
678 1762 704 1802 l'
722 1761 912 1803 esamine
935 1761 1034 1803 delli
1060 1764 1111 1804 .3.
1137 1762 1326 1816 pretini5
1357 1762 1400 1803 in
1433 1763 1652 1816 presentia
1675 1764 1713 1804 d’
1730 1763 1872 1805 alcuni

112 1825 292 1867 Maestri
324 1825 366 1867 in
399 1826 647 1879 Theologia.
705 1827 762 1869 Et
795 1827 830 1868 si
862 1841 965 1868 sono
998 1827 1161 1881 port-ati
1194 1841 1314 1869 come
1347 1842 1421 1869 era
1453 1828 1478 1868 l'
1495 1828 1693 1882 opinione
1726 1828 1803 1870 che
1836 1828 1871 1870 si

111 1890 250 1932 hauea
283 1891 324 1931 di
356 1891 460 1933 loro.
527 1891 569 1933 Si
601 1891 783 1933 faranno
816 1892 923 1933 hora
956 1892 1126 1946 espedir
1157 1893 1226 1933 nel
1258 1895 1413 1935 resto.“

230 1984 457 2016 Polancusss:
486 1983 632 2025 „Visum
659 1984 778 2017 fuerat
806 1983 903 2017 Patri
924 1983 1063 2027 Ignatio
1090 1984 1269 2028 expedire,
1296 1986 1336 2017 ut
1361 1984 1396 2017 hi
1422 1986 1497 2018 tres
1514 1984 1653 2026 Patres,
1680 1984 1739 2029 qui
1758 1985 1868 2019 Theo-

111 2034 243 2077 logiam
270 2036 305 2069 in
324 2036 601 2079 ingolstadiensi
619 2036 814 2070 Academia
839 2037 1035 2081 professuri
1063 2039 1176 2077 erant,
1203 2037 1351 2080 gradum
1371 2036 1596 2078 Doctoratus,
1622 2038 1658 2071 in
1677 2037 1870 2072 Germania

110 2090 352 2122 necessarium
379 2090 422 2123 ad
448 2089 482 2123 id
509 2102 637 2123 munus
664 2090 911 2131 exercendum,
939 2090 1118 2123 Bononiae
1144 2090 1377 2134 susciperent.
1423 2090 1510 2124 Erat
1536 2092 1656 2124 autem
1681 2093 1767 2126 tunc
1793 2092 1867 2126 Tri-

111 2142 233 2175 dentic
259 2142 458 2176 Cardiualis
485 2143 527 2176 de
552 2143 692 2184 Monte,
731 2143 790 2187 qui
823 2143 925 2177 brevi
950 2143 987 2177 in
1012 2143 1221 2177 Pontificem
1257 2143 1392 2177 electus
1431 2146 1466 2177 et
1491 2143 1610 2177 Julius
1636 2144 1687 2178 HI
1717 2147 1868 2179 vocatus

109 2196 174 2228 est.
226 2195 260 2229 Is
296 2207 418 2229 curam
445 2196 622 2230 commisit
656 2196 757 2230 fratri
792 2196 980 2230 Ambrosio
1008 2196 1218 2237 Catharino,
1254 2196 1429 2241 Episcopo
1464 2196 1697 2237 Mi1101·ensi⁷,
1732 2200 1773 2231 ut
1807 2199 1865 2231 ad-

105 2247 241 2293 junctis
267 2248 402 2282 duobus
429 2249 632 2283 doctoribus
658 2249 817 2294 ejusdem
844 2249 976 2283 ordinis
992 2252 1013 2290 ⁸,
1050 2261 1109 2283 eos
1136 2249 1377 2290 exalninaret3
1413 2252 1449 2283 et
1483 2261 1563 2283 cum
1593 2249 1706 2295 pridie
1733 2253 1866 2295 puncta

226 2372 239 2385 ³
262 2365 546 2408 consanguitatis
573 2366 680 2400 Affass.

226 2418 239 2436 ¹'
263 2421 323 2453 Sic
351 2421 460 2462 prior
493 2420 648 2462 scriptio.
700 2420 896 2453 Posteriora
931 2425 1043 2453 autem
1080 2432 1188 2452 mane(
1225 2421 1288 2453 hm·
1322 2423 1555 2453 summarium
1593 2426 1810 2454 contractum.
1836 2427 1865 2455 et

106 2474 154 2505 ad
180 2474 302 2505 melius
327 2474 502 2505 orationis
524 2483 633 2515 yemis
659 2474 918 2515 conformatum
945 2479 1011 2517 est,
1047 2474 1152 2516 idque
1184 2474 1336 2515 fortasse
1362 2485 1402 2506 ea
1428 2479 1556 2517 mente,
1595 2479 1630 2507 ιιΐ
1662 2475 1764 2518 prelo
1787 2475 1864 2508 snb-

107 2528 154 2559 iel
172 2531 297 2569 posset.

223 2583 234 2597 ⁰
261 2580 343 2619 Sim
368 2579 426 2611 sed
453 2583 541 2612 certe.
567 2580 812 2621 eorriyemlnm
833 2584 900 2612 est:
927 2579 1116 2613 Bononiae.
1153 2581 1189 2613 V.
1209 2591 1320 2623 snpra
1335 2592 1373 2623 p.
1394 2583 1532 2613 (ΞΟ-61
1559 2585 1588 2613 et
1613 2582 1714 2623 infra
1727 2593 1764 2624 p.
1785 2584 1863 2616 636.

227 2696 235 2714 ¹
263 2696 476 2737 Aristoteles,
502 2694 554 2728 De
581 2695 794 2729 animalibus
820 2695 991 2729 historiae
1018 2695 1039 2729 l.
1068 2697 1098 2736 9,
1127 2708 1154 2729 c.
1181 2696 1238 2729 47.
1280 2696 1443 2729 Canisius
1471 2696 1503 2729 id
1530 2695 1695 2730 hausisse
1721 2696 1864 2731 videtur

103 2758 147 2781 ex
174 2747 321 2781 Summa
346 2747 547 2791 theologica
574 2750 610 2782 S.
643 2750 794 2782 leomsw
820 2750 851 2789 2,
879 2750 910 2790 2,
937 2751 1003 2782 art.
1034 2749 1109 2788 154,
1138 2760 1195 2792 qu.
1224 2750 1243 2782 9
1270 2749 1314 2782 ad
1341 2749 1371 2783 3.

223 2801 236 2820 ‘²
261 2800 373 2834 Paulo
400 2803 481 2845 post
507 2803 568 2834 aut
594 2801 670 2846 ipso
697 2802 753 2836 die
782 2802 834 2835 17.
864 2802 952 2835 Iunii
981 2801 1145 2835 Canisius
1173 2814 1253 2835 cum
1280 2802 1401 2836 Lainio
1420 2802 1637 2836 Florentiam
1676 2803 1860 2844 discessit3

105 2853 150 2887 cf.
178 2865 287 2898 supra
313 2865 345 2898 p.
373 2855 417 2887 47
431 2855 454 2888 ⁴.
482 2854 561 2888 252.

223 2908 236 2927 ³
263 2906 315 2940 Cf.
344 2918 453 2951 supra
479 2919 511 2952 p.
540 2908 690 2941 60-62.
837 2909 848 2927 ‘¹
877 2908 915 2941 P.
943 2907 1129 2942 Claudium
1158 2908 1266 2942 laium
1294 2909 1484 2951 significat.

221 2961 234 2979 ⁵
260 2960 329 2994 PP.
358 2960 530 3005 Alphonsi
558 2960 784 3001 Saln1er0nis‚
813 2960 951 2994 Claudii
978 2961 1051 2996 laii.
1080 2961 1177 2995 Petri
1206 2961 1349 2995 (fanisii.

222 3014 234 3033 ‘³
261 3013 458 3047 Chronieon
486 3014 510 3054 l,
537 3014 735 3047 491—492.

222 3068 233 3087 ⁷
259 3066 470 3100 Ambrosius
498 3065 731 3107 Catharinus,
768 3067 956 3111 episcopus
983 3066 1167 3109 Rheginae
1202 3067 1348 3101 minoris
1388 3067 1546 3111 (Minori)
1584 3068 1860 3113 praeclarusque

101 3119 289 3164 theologus
315 3122 351 3153 et
377 3119 572 3161 canonista,
599 3120 732 3154 ordinis
759 3122 837 3154 erat
863 3120 1165 3154 praedicatorum.

221 3173 234 3193 3
259 3173 394 3207 Horum
421 3173 564 3206 nomina
590 3173 671 3206 vide
698 3173 800 3213 infra,
827 3185 860 3218 p.
888 3173 966 3215 686,
994 3173 1029 3207 in
1056 3173 1248 3218 diplomate
1275 3174 1503 3208 Salnieronis.
