2113 3430
503 191 580 226 126.
619 193 783 228 Canisius
808 195 934 229 Ioanni
960 196 1003 231 de
1029 196 1195 232 Polanco.
1240 199 1270 232 7.
1299 199 1452 242 Augusti
1483 201 1582 235 1552.
1835 206 1920 247 405

161 306 367 340 monasterii
404 306 589 342 laetiensis
625 309 767 344 easdem
802 311 1053 347 meditationes
1089 324 1167 347 esse
1202 313 1462 351 instituturum.
1526 318 1726 360 „intantum
1765 319 1924 354 afficitur

160 358 270 393 abbas
297 359 341 393 ad
367 358 583 395 Societatem
610 363 702 405 quod
732 362 842 406 (sicut
868 364 959 399 dixit
983 365 1086 411 mihj)
1116 366 1280 410 iungeret
1313 379 1352 402 se
1387 369 1463 403 sine
1498 370 1666 405 dilatione
1701 372 1815 406 eidem
1853 373 1921 418 nisj

159 410 319 446 obstaret
353 413 573 448 monasticus
608 415 755 449 οι-(10.“’1
807 417 845 450 In
872 417 1050 452 Societate
1086 421 1205 453 autem
1232 420 1313 454 Iesu
1349 421 1442 456 inter
1475 422 1604 463 libros,
1641 436 1790 468 quorum
1816 425 1922 460 lectio

159 464 331 507 magistro
352 466 573 500 noviciorum
600 469 878 510 commendatur,
909 473 968 512 ⁷,ut
995 471 1233 516 deceptiones,
1260 485 1351 517 quae
1378 475 1413 508 in
1439 476 1618 520 spirituali
1646 477 1721 512 vita
1745 479 1921 515 accidunt.

158 528 227 550 non
260 519 401 552 tantum
437 520 699 564 experimento,
735 522 797 555 sed
834 522 942 556 etiam
976 523 1129 558 lectione
1164 525 1378 569 intelligat“,
1419 528 1609 570 „Ludovici
1646 530 1755 565 Blosii
1791 534 1917 576 opera*

158 569 351 605 laudantur
366 571 388 605 ².

974 654 1094 696 123.

892 745 1188 795 CANISIUS

597 836 660 878 P.
692 836 952 879 IOANNI
983 839 1081 880 DE
1115 840 1472 893 POLANCO,

771 924 965 958 secretario
992 924 1184 961 Societatis
1210 927 1302 962 Iesu.

788 1003 928 1040 Vienna
955 1006 984 1041 7.
1011 1005 1170 1053 Augusti
1196 1007 1288 1044 1552.

273 1076 329 1111 Ex
355 1078 578 1123 autographo
608 1079 685 1123 (20;
713 1080 733 1113 3
761 1092 838 1126 pp.;
865 1081 901 1115 in
927 1094 960 1127 p.
986 1083 1018 1117 4.
1046 1082 1153 1118 inscr.
1182 1086 1217 1118 et
1243 1096 1336 1130 pars.
1364 1086 1460 1130 sig).

273 1130 418 1165 Partem
453 1131 628 1176 epistulae
666 1132 735 1177 („Il
761 1134 970 1170 Reverendo
996 1135 1112 1170 Padre
1147 1140 1268 1172 nostro
1295 1138 1373 1172 Don
1400 1139 1564 1174 Claudio“
1596 1161 1641 1164 —
1672 1142 1845 1183 „Patrono
1875 1143 1919 1177 de

154 1183 240 1216 tutti
267 1182 292 1216 li
319 1183 548 1228 Catholicff),
575 1186 619 1219 ad
644 1189 805 1221 nostram
830 1188 1008 1222 scribendi
1034 1190 1209 1224 rationem
1235 1193 1539 1227 accommodatam
1566 1194 1677 1228 edidit
1703 1196 1827 1239 Boero,
1855 1196 1918 1231 Ca-

152 1235 243 1269 nisio
278 1248 310 1280 p.
346 1237 482 1272 89—91
531 1240 566 1272 et
601 1239 673 1273 Iaio
710 1251 742 1284 p.
779 1241 834 1275 55.
871 1241 1079 1283 213—216;
1125 1255 1169 1277 ex
1205 1244 1316 1279 Boero
1352 1246 1582 1291 transcripsit
1615 1249 1724 1289 Prot,
1770 1249 1818 1283 Le
1854 1250 1916 1294 Iay

155 1300 187 1333 p.
218 1289 417 1325 484—486.
462 1291 587 1325 Altera
622 1292 799 1337 particula
835 1296 890 1328 est
924 1294 959 1329 in
990 1297 1135 1330 editoris
1171 1297 1445 1339 „Katechismen
1472 1300 1534 1334 des
1560 1300 1623 1335 sel.
1654 1300 1784 1336 Petrus
1815 1302 1917 1337 Cani·

155 1341 250 1375 sius“
281 1354 314 1386 p.
345 1343 398 1378 18.

272 1395 329 1429 Ad
355 1396 467 1430 vitam
494 1397 533 1432 P.
561 1397 699 1432 Claudii
726 1399 791 1433 laii
818 1400 1088 1436 describendam
1114 1402 1206 1437 hanc
1242 1404 1434 1449 epistulam
1466 1406 1629 1441 adhibuit
1654 1407 1694 1442 P.
1720 1409 1806 1442 Eas.
1835 1410 1915 1442 Nie-

156 1449 311 1491 rembery
338 1448 370 1483 S.
399 1450 443 1491 J„
470 1450 632 1485 Varones
658 1451 805 1487 ilustres
832 1453 874 1487 de
900 1454 935 1487 la
962 1454 1157 1500 Compafiia
1184 1457 1226 1491 de
1254 1457 1361 1492 Jesus
1388 1458 1438 1492 VI
1469 1458 1515 1503 (2.
1544 1460 1616 1501 ed.‚
1643 1460 1768 1496 Bilbao
1796 1462 1915 1505 1890),

156 1501 306 1535 27—28.

272 1573 309 1606 P.
350 1573 537 1607 Claudium
575 1576 692 1608 Ιαίιιηι
726 1578 848 1620 pridie
881 1578 976 1620 febri
1010 1581 1218 1613 exstinctum.
1253 1593 1331 1615 esse.
1387 1586 1500 1624 Quam
1535 1585 1721 1627 dt'le'yenter
1755 1586 1783 1618 2'3
1818 1587 1916 1629 apud

152 1624 343 1659 haereticos
373 1628 587 1661 Germaniae
613 1629 845 1674 laboraverit,
881 1636 911 1664 et
937 1643 1040 1675 (μίαν)
1063 1635 1250 1676 perspicue
1276 1640 1306 1667 et
1330 1638 1486 1669 suaviter
1511 1637 1720 1681 tleeoloqe'am
1746 1640 1913 1673 cloezcerit.

152 1677 205 1710 De
231 1682 447 1720 mymmmtis
473 1682 683 1724 quibusdam
717 1683 916 1725 tlteoloffl'eis
951 1696 972 1716 (ι
1000 1686 1078 1719 Iccio
1117 1688 1176 1728 „ln
1209 1687 1374 1731 .s‘·e)·il)tis“
1410 1690 1605 1732 explicati&
1660 1692 1771 1733 Quam
1808 1704 1915 1726 caras

151 1731 240 1763 idem
267 1733 490 1767 auditoribus
516 1746 557 1766 ac
588 1736 796 1778 proceribus
826 1738 1041 1771 Germaniae
1074 1740 1196 1781 fuerit.
1247 1741 1499 1785 E'pz'seopatnm.
1534 1746 1759 1786 teryestz'nnm
1796 1746 1839 1779 ab
1876 1758 1912 1779 eo

151 1789 346 1817 recusatam
375 1798 453 1820 esse.
504 1788 557 1820 De
591 1790 665 1821 eins
697 1795 906 1832 paupertate
916 1817 924 1833 ,
958 1793 1088 1834 pietate
1125 1794 1159 1825 ite
1191 1792 1324 1827 Clo-iste·
1352 1797 1551 1837 passionem
1589 1801 1618 1829 et
1655 1799 1691 1830 sn
1728 1800 1906 1832 rosarium

150 1837 190 1869 B.
218 1837 267 1870 Α11.
295 1839 332 1871 V.
375 1839 428 1872 De
454 1840 615 1874 Alco-tino
646 1842 766 1875 Olario
794 1844 997 1876 Societatem
1025 1846 1227 1887 e’nyressnro
1253 1851 1283 1879 et
1309 1848 1458 1881 Nicolao
1484 1850 1624 1883 Lanolo
1651 1852 1792 1894 eolleffl'o
1821 1854 1912 1886 rien—

152 1892 250 1923 netzsc'
277 1893 529 1934 praeficiendo.
582 1894 626 1927 Se
662 1899 771 1928 totum
805 1907 872 1929 esse
908 1898 944 1929 ῐη
981 1898 1184 1931 catechismo
1221 1901 1479 1936 comm-[hendo.
1543 1904 1576 1936 A
1616 1904 1742 1938 Turris
1775 1917 1912 1939 semona

149 1944 303 1977 timenda
314 1957 327 1986 ,·
351 1948 560 1988 sanquinem
588 1948 656 1980 iam
678 1959 750 1991 pro
778 1950 917 1982 nomine
944 1951 1020 1983 [esu
1046 1952 1270 1993 fundendum
1296 1966 1373 1987 esse.

949 2032 1007 2074 IE
1045 2034 1112 2075 VS

525 2100 661 2144 Molto
694 2102 948 2145 Reuerendo
980 2033 1039 2145 inS
1057 2104 1224 2148 Christo
1257 2106 1397 2149 Padre
1430 2107 1526 2151 mio.

263 2175 326 2217 La
357 2176 502 2228 gratia
534 2180 578 2220 et
610 2192 716 2232 pace
749 2179 817 2221 del
850 2179 1030 2233 Signore
1062 2181 1202 2223 JESV
1235 2183 1477 2226 CHRISTO
1512 2184 1577 2227 sia
1617 2200 1788 2241 sempre
1830 2203 1909 2231 con

145 2238 236 2290 noi,
280 2243 323 2282 et
365 2255 513 2284 cresca
554 2256 607 2284 ne
648 2242 661 2284 i
704 2244 820 2285 cuori
862 2245 999 2288 nostri
1042 2246 1392 2291 continuamente
1425 2250 1577 2293 Amen.
1641 2251 1740 2293 Non
1780 2267 1908 2307 posso

144 2317 362 2347 scusarnie
394 2306 687 2359 giustamente
728 2308 790 2360 io,
837 2309 1033 2352 hauendo
1075 2314 1279 2366 receputo
1320 2314 1433 2357 tanti
1475 2315 1571 2357 beni
1604 2316 1658 2358 da
1690 2317 1741 2359 V.
1776 2318 1826 2361 R.
1861 2320 1907 2361 P.

144 2371 188 2411 et
219 2369 421 2412 lassando
453 2386 530 2425 per
561 2375 685 2415 tanto
718 2377 862 2429 tempo
896 2375 948 2417 de
980 2375 1195 2419 scrieuere
1229 2380 1272 2420 et
1305 2378 1536 2422 dimostrar
1568 2380 1610 2422 la
1638 2381 1783 2424 debita
1806 2398 1907 2437 gra-

144 2431 340 2476 titudine.
384 2436 468 2477 Per
499 2436 541 2478 la
575 2438 675 2490 qual
708 2452 808 2481 cosa
840 2439 880 2481 io
913 2454 981 2482 me
1014 2441 1146 2483 rendo
1180 2442 1373 2485 debitore
1406 2444 1458 2485 de
1490 2459 1603 2498 pena
1625 2448 1669 2488 et
1692 2446 1743 2488 de
1767 2448 1906 2502 culpa,

260 2576 372 2611 Iesus.
407 2577 562 2613 Multum
588 2581 784 2615 reverende
810 2581 846 2616 in
873 2581 1015 2617 Christo
1042 2586 1155 2629 pater.
1192 2586 1317 2620 Gratia
1344 2590 1380 2621 et
1404 2599 1477 2632 pax
1504 2588 1637 2623 domini
1663 2590 1745 2624 Iesu
1772 2591 1904 2626 Christi

142 2639 283 2673 semper
308 2629 491 2665 nobiscum
517 2632 590 2666 sint
616 2635 652 2667 et
674 2634 709 2667 in
735 2635 900 2670 cordibus
924 2638 1058 2671 nostris
1078 2638 1244 2673 continuo
1263 2642 1475 2682 augeantur.
1504 2642 1628 2676 Amen.
1663 2642 1741 2677 Non
1760 2656 1904 2689 possum

142 2681 234 2715 iuste
260 2694 316 2716 me
343 2694 525 2725 excusare,
553 2686 656 2729 quod,
683 2699 763 2721 cum
789 2690 890 2722 tanta
916 2700 936 2723 a
962 2691 1159 2725 reverenda
1185 2693 1403 2736 paternitate
1422 2696 1484 2728 tua
1503 2694 1675 2730 beneficia
1694 2699 1902 2742 acceperim,

143 2737 215 2768 tam
243 2735 303 2769 diu
328 2736 391 2770 tibi
419 2749 486 2771 non
512 2739 628 2773 scribo
656 2752 769 2784 neque
796 2743 959 2784 gratum,
999 2755 1068 2787 quo
1095 2756 1150 2778 me
1177 2756 1256 2779 esse
1283 2746 1405 2787 decet,
1441 2747 1598 2782 animum
1624 2749 1776 2784 declaro.
1827 2751 1905 2786 Hac

264 2847 273 2867 ¹
299 2846 465 2892 Epistula
492 2849 597 2893 Dogii
629 2851 853 2896 autographa
888 2855 944 2887 est
978 2854 1014 2887 in
1046 2855 1167 2889 codice
1194 2856 1326 2892 colcu:
1367 2858 1470 2900 „Litt.
1500 2859 1629 2904 Epistt.
1667 2863 1776 2903 var.“,
1812 2862 1848 2896 in
1879 2863 1901 2896 f.

141 2910 210 2933 non
236 2900 327 2943 sign.
373 2901 413 2934 In
438 2901 580 2943 litteris,
609 2914 700 2947 quae
727 2904 769 2938 de
795 2904 901 2939 rebus
928 2906 1069 2950 collegii
1096 2907 1129 2942 S.
1158 2909 1190 2943 J.
1218 2910 1432 2945 coloniensis
1459 2912 1502 2946 ad
1528 2914 1771 2958 praepositum
1797 2927 1901 2959 gone-

140 2951 252 2986 ralem
278 2953 383 2987 datae
409 2956 493 2988 sunt
512 2954 657 2989 Colonia
676 2957 730 2991 29.
751 2956 972 3002 Septembris
994 2961 1093 3002 1559,
1120 2961 1209 2996 haec
1234 2965 1338 2997 sunt:
1370 2964 1515 3005 „Adfuit
1541 2966 1642 3001 nobis
1661 2967 1700 3001 R.
1720 2966 1761 3002 D.
1781 2969 1901 3003 Abbas

140 3003 339 3040 Laetiensis
366 3007 406 3041 D.
435 3007 636 3043 Ludouicus
662 3009 803 3044 Blosius
831 3014 866 3045 et
884 3010 924 3045 D.
945 3012 1113 3047 Nicolaus
1139 3014 1308 3050 Eschius‘
1343 3016 1413 3060 (Ex
1440 3019 1674 3064 *apographo
1700 3020 1901 3056 litterarum

140 3056 280 3091 illarum
314 3059 480 3104 antiquo,
517 3061 610 3105 quod
645 3065 699 3096 est
734 3063 768 3097 in
804 3064 924 3098 codice
956 3065 1124 3106 „Annvae
1160 3067 1285 3102 literae
1322 3069 1471 3114 Collegii
1498 3070 1599 3106 Soc.⁵⁵
1626 3072 1706 3107 Iesu
1734 3074 1900 3108 Coloniae

139 3110 184 3143 ab
203 3129 246 3133 —
268 3112 368 3146 1553.
397 3124 474 3158 vsq.
503 3114 546 3148 ad
573 3126 703 3149 annum
733 3117 822 3151 1660
848 3117 1023 3152 inclusive
1049 3118 1154 3154 Liber
1180 3121 1232 3154 2⁹⁴
1264 3121 1440 3165 Coloniae,
1468 3123 1502 3158 in
1529 3124 1675 3160 archivo
1701 3127 1899 3161 studiorum

140 3162 398 3208 fundatorum).
545 3167 558 3187 ‘-'
584 3167 744 3212 Regulae
770 3170 935 3214 magistri
962 3171 1182 3207 noviciorum
1209 3185 1236 3208 c.
1268 3175 1296 3215 1,
1324 3187 1356 3210 n.
1385 3177 1415 3211 8.
