2113 3430
207 217 289 255 (5415
351 211 430 244 211.
467 210 631 243 Canisius
659 208 772 242 Sociis
797 207 1151 251 ingolstadiensibus.
1195 207 1267 242 Sub
1293 208 1449 241 medium
1474 219 1634 242 mensem
1661 207 1790 242 Iulium
1819 208 1920 242 1556.

202 327 326 371 Neque
353 326 387 359 id
415 325 557 368 quidem
576 336 641 358 sua
659 326 757 358 caret
782 322 1055 368 probabilitate3
1081 321 1223 356 Natalis
1249 323 1343 356 enim
1362 323 1502 366 Ignatio
1525 323 1649 357 intime
1667 323 1836 357 utebatur
1862 324 1974 366 atque

203 381 279 414 eius
314 378 455 412 nomine
492 377 683 411 Societatis
718 388 775 410 res
809 376 845 410 in
881 375 1028 410 Austria
1064 375 1276 420 disponebat
1311 378 1346 409 et
1381 376 1640 417 constituebat;
1679 376 1836 416 accedit,
1876 375 1970 419 quod

204 432 381 466 Sim-herus
416 443 461 465 ex
495 431 646 464 historia
682 429 825 473 collegii
862 429 1068 462 viennensis
1104 440 1125 462 a
1151 428 1270 471 Magio
1306 428 1507 473 conscripta
1543 441 1584 463 ea
1619 429 1782 464 hausisse
1817 429 1972 463 videtur.

202 489 374 519 Attamen
409 483 526 528 magis
561 483 647 517 1111111
684 483 803 528 placet
839 482 1020 516 Canisium
1056 493 1167 522 amm,
1204 481 1264 525 qui
1296 481 1457 526 proxime
1489 486 1635 516 secutus
1661 485 1734 524 est,
1770 481 1970 527 scripsisse.

203 539 294 573 Nam
322 537 530 577 Sacchiuus,
561 537 620 581 qui
648 536 764 581 ipsam
790 534 923 570 Canisii
950 533 1141 580 epistulam
1168 537 1251 568 ante
1279 534 1400 568 oculos
1426 534 1551 568 habuit
1576 537 1613 568 et
1638 547 1695 569 res
1721 538 1779 570 sat
1804 539 1973 570 accurate

202 594 336 632 narrat,
363 590 549 636 perspicue
575 592 732 624 testatur
758 589 941 623 Canisium
967 587 1158 633 epistulam
1186 587 1284 621 illam
1309 587 1458 621 Romam
1484 587 1635 629 misisse,
1662 591 1853 633 postquam
1878 588 1970 622 Socii

205 644 464 688 lngolstadium
491 643 715 677 advenerunt
741 646 776 676 et
802 641 957 686 diploma
983 641 1071 674 illud
1097 640 1166 685 ipsi
1193 640 1334 675 Canisio
1360 641 1533 674 traditum
1559 643 1632 682 est,
1664 653 1732 685 quo
1759 642 1973 676 Germaniae

203 697 396 743 superioris
423 696 650 742 praepositus
676 695 908 741 provincialis
934 694 1195 728 nominabatur.
1247 693 1306 728 Sic
1332 693 1440 728 etiam
1468 693 1610 728 facilius
1635 694 1877 738 intellegitur,
1908 707 1973 729 cur

204 752 237 785 in
266 750 430 796 epistulis
466 762 557 783 anno
588 750 676 783 15:35
713 751 747 783 et
783 747 900 793 priore
936 750 1037 792 parte
1073 747 1157 781 anni
1187 748 1275 781 1556
1309 759 1329 781 a
1357 746 1499 781 Canisio
1526 746 1674 781 Romam
1706 748 1826 782 missis
1865 748 1973 792 (quae

204 804 347 848 quidem
374 803 583 848 supersunt)
611 802 711 836 nulla
736 801 842 835 huius
868 801 977 835 officii
1004 800 1207 845 imponendi
1234 799 1293 833 vel
1320 800 1478 834 recusati
1503 800 1566 834 fiat
1591 801 1736 834 mentio.

324 856 357 891 S.
387 857 551 899 ignatius
577 855 733 900 diploma
768 854 855 889 illud
884 855 914 889 7.
942 853 1033 888 Iunii
1063 854 1151 888 1556
1187 853 1411 898 subscripsit.
1463 852 1556 888 Socii
1583 854 1614 888 9.
1642 853 1730 887 Iunii
1764 854 1876 888 Roma
1903 854 1971 888 dis—

203 913 389 945 cesserunt
425 912 460 944 et
495 910 527 943 7.
553 908 634 943 Iulii
662 908 922 952 lngolstadium
956 909 1134 941 venerunt
1152 908 1172 940 ¹.
1223 906 1377 940 Dubium
1412 918 1483 940 non
1518 908 1591 947 est,
1631 906 1715 950 quin
1743 906 1899 951 diploma
1934 907 1968 941 iu

204 964 396 998 Bavariam
414 963 483 1008 ipsi
501 962 689 997 attulerint·
707 962 859 1005 indeque
878 961 1035 1004 Pragam
1053 960 1226 1001 miserint,
1251 971 1330 993 cuni
1351 959 1534 994 canisium
1551 959 1601 994 ibi
1617 960 1750 994 morari
1774 960 1972 994 audissent.

205 1017 277 1051 Sub
303 1016 457 1051 medium
485 1016 596 1060 igitur
622 1027 780 1049 mensem
807 1015 936 1048 lulium
965 1013 1105 1057 ignatio
1131 1013 1328 1047 rescribere
1354 1012 1482 1058 potuit.

323 1071 438 1104 Bam-0
474 1068 569 1103 haud
595 1071 692 1103 recte
718 1068 844 1102 scribit
874 1067 1057 1102 Canisium
1083 1067 1216 1110 Ignatii
1241 1066 1382 1100 litteras
1408 1066 1569 1100 Viennae
1599 1067 1780 1112 accepisse
1795 1066 1818 1100 ².
1871 1066 1973 1101 Cani-

204 1124 279 1157 sius
306 1123 399 1156 enim
425 1134 548 1156 mense
573 1121 766 1156 Februario
793 1133 823 1155 a.
853 1121 943 1155 1556
970 1120 1051 1154 inde
1079 1119 1246 1154 discessit
1270 1131 1387 1163 neque
1414 1131 1453 1153 eo
1479 1131 1571 1153 anno
1597 1119 1772 1153 Viennam
1800 1119 1915 1153 rediit.

324 1176 503 1210 Polancus
529 1175 670 1209 nomine
689 1174 722 1209 S.
743 1174 872 1218 Ignatii
894 1173 1036 1208 Canisio
1063 1173 1292 1217 rescripsisse
1311 1173 1454 1206 videtur
1481 1172 1623 1207 circiter
1642 1173 1673 1207 d.
1693 1173 1748 1207 20.
1768 1172 1850 1206 Iulii
1870 1173 1975 1207 1556.

1035 1297 1147 1339 211.

943 1397 1239 1444 CANISIUS

563 1496 803 1539 soclls
835 1494 1623 1538 INGOLSTADIENSIBUS.

658 1594 782 1641 Praga
808 1593 874 1629 sub
900 1592 1056 1628 medium
1082 1602 1240 1628 mensem
1265 1591 1397 1628 Iulium
1422 1591 1516 1628 1556.

326 1678 382 1712 Ex
409 1677 484 1711 cod.
515 1677 681 1720 „Antiqu
708 1676 877 1720 Ingolst.“
908 1676 933 1710 f.
960 1675 1013 1710 8¹).

330 1768 498 1822 Aliquis
542 1781 589 1808 ea·
623 1768 679 1808 18
713 1767 795 1808 illis
827 1767 1043 1807 societatis·
1080 1765 1338 1818 hominibus,
1381 1765 1453 1819 ([1ιί
1489 1766 1524 1805 7.
1557 1764 1660 1805 Iulii
1693 1765 1807 1805 1556
1839 1763 1978 1817 111901-

210 1833 396 1874 stadam.
439 1831 742 1884 advenermffi,
789 1831 888 1872 haec
922 1830 1073 1884 refert:
1114 1830 1353 1871 lucendum&
1385 1829 1637 1884 Inyolstadie?
1683 1828 1975 1883 „quorundam

203 1897 495 1953 professoriam
519 1897 682 1937 animos
707 1911 804 1950 crya
827 1897 1058 1937 societatem
1073 1910 1233 1950 parma
1256 1909 1461 1949 symmros,
1493 1899 1530 1934 ‘ct
1552 1895 1675 1935 etlam
1699 1893 1977 1934 Reum-medus

211 1963 341 2004 Pater
375 1962 573 2003 Cam'sizcs
606 1977 655 2003 (ar
686 1961 831 2014 Praqa
859 1976 939 2016 per
979 1962 1139 2002 litteras·
1180 1960 1420 2000 hortaretur
1462 1958 1753 2000 abstinendum
1798 1972 1881 1999 esse
1923 1956 1978 1998 ab

213 2029 377 2069 Illorum
419 2027 622 2068 consortio
669 2027 795 2067 donee
841 2028 926 2081 ipse
971 2026 1157 2066 aduentu
1202 2040 1299 2077 suo,
1347 2025 1398 2065 (le
1441 2024 1506 2065 his
1550 2023 1739 2064 omnibus
1783 2024 1978 2064 certiores

208 2092 379 2146 faceret.
415 2126 422 2133 .
459 2127 466 2133 .
528 2092 715 2132 Tandem
759 2092 833 2132 (liu.
878 2096 1111 2146 aspecturus
1145 2090 1262 2130 adest
1298 2090 1345 2130 [ἰ.
1382 2089 1428 2130 Ρ.
1467 2088 1665 2129 canisius
1698 2088 1765 2129 {0
1796 2088 1978 2142 ,lchzcstc'

215 2174 262 2199 eui·
296 2156 479 2211 Prayaf‘

335 2302 344 2321 ¹
373 2300 424 2334 Cf.
451 2312 560 2345 supra
587 2312 619 2345 p.
648 2300 748 2334 638⁴.
895 2301 908 2319 “-’
935 2298 1077 2332 Canisio
1104 2310 1136 2343 p.
1167 2298 1243 2331 132.

334 2355 346 2374 3
372 2353 508 2387 Horum
536 2352 717 2398 praecipui
745 2355 865 2386 erant:
897 2351 1052 2386 Thomas
1078 2350 1251 2385 Lentulus
1281 2350 1367 2394 (van
1391 2348 1522 2393 Lenth)
1550 2349 1796 2392 noviomagus,
1823 2348 1883 2393 qui
1910 2349 1981 2383 col·

212 2407 298 2451 legii
325 2409 442 2441 rector
477 2418 497 2440 a
524 2406 556 2440 S.
585 2406 725 2449 ignatio
758 2406 976 2439 constitutus
1012 2407 1107 2445 erat,
1143 2404 1276 2438 Doctor
1311 2404 1460 2437 loannes
1497 2402 1720 2436 Cuvillonius
1757 2401 1977 2446 (Couvillon)

214 2460 416 2501 insulensis,
444 2459 576 2494 Doctor
594 2459 821 2493 Hermannus
840 2459 1026 2504 Thyraeus
1046 2458 1272 2498 novesianus,
1290 2457 1338 2490 M.
1358 2455 1564 2490 Theodorus
1582 2455 1756 2489 Peltanus
1777 2455 1863 2499 (van
1881 2455 1979 2499 Pelt)

212 2514 415 2548 leodiensis.
465 2512 518 2547 De
554 2513 683 2557 quibus
718 2513 754 2546 in
789 2512 1022 2556 sequentibus
1056 2511 1162 2545 huius
1198 2511 1314 2555 operis
1349 2509 1591 2543 voluminibus
1626 2509 1730 2553 plura
1767 2508 1981 2543 scribentur.

215 2568 305 2602 Cum
331 2566 364 2600 S.
392 2566 556 2610 ignatius
591 2578 712 2600 mense
738 2566 838 2599 Iunio
865 2577 895 2599 a.
926 2565 1014 2599 1556
1052 2565 1094 2599 18
1122 2564 1202 2598 illos
1229 2563 1350 2597 Socios
1376 2563 1489 2596 Roma
1515 2562 1773 2605 ingolstadium
1809 2561 1982 2602 mitteret,

215 2620 322 2654 simul
352 2620 459 2653 etiam
496 2619 699 2663 catalogum
734 2619 885 2653 latinum
911 2618 1027 2659 misit,
1065 2630 1109 2651 ex
1136 2630 1204 2661 quo
1230 2619 1307 2650 tum
1334 2615 1503 2649 Albertus
1530 2615 1602 2649 dux
1632 2616 1707 2649 tum
1735 2614 1899 2649 Canisius
1926 2626 1978 2648 co—

215 2685 387 2717 gnoscere
413 2676 577 2717 possent,
611 2684 702 2716 quae
728 2684 849 2706 eorum
876 2673 997 2705 essent
1022 2671 1183 2710 nomina,
1219 2681 1309 2714 quae
1336 2670 1491 2714 patriae,
1528 2680 1618 2712 quae
1645 2668 1781 2709 officia,
1818 2668 1862 2702 ad
1888 2678 1981 2711 quae

215 2726 347 2770 singuli
373 2726 489 2760 idonei
516 2737 594 2760 esse
621 2726 838 2759 viderentur.
882 2724 1077 2766 Cat-alogus
1103 2724 1178 2769 ipse
1206 2723 1262 2756 hic
1288 2734 1357 2756 non
1383 2723 1545 2767 ponitur,
1573 2722 1656 2765 quia
1683 2721 1800 2755 editus
1825 2721 1896 2754 iam
1925 2723 1980 2754 est

217 2781 260 2814 ab
280 2781 449 2822 Assricola
468 2778 490 2812 l.
511 2790 540 2813 c.
559 2779 585 2819 1,
604 2779 687 2813 Dec.
709 2779 739 2812 2.
760 2791 792 2812 n.
813 2779 876 2818 263
903 2779 1065 2811 Medervr
1083 2777 1104 2810 l.
1125 2788 1154 2811 c.
1174 2777 1234 2816 IV,
1253 2776 1460 2815 291—292;
1487 2776 1678 2818 Lipoecsky
1703 2774 1726 2808 l.
1745 2786 1774 2808 c.
1796 2774 1820 2813 1,
1840 2773 1979 2807 74—77

220 2832 438 2876 (germanice
473 2834 634 2875 versus);
672 2833 851 2875 Freybery
886 2831 908 2864 l.
945 2843 974 2864 c.
1011 2831 1080 2870 Ill,
1117 2830 1183 2863 227
1197 2829 1381 2869 *—*2·2S*;
1417 2828 1582 2861 Ver-dibre
1616 2827 1638 2861 l.
1665 2839 1694 2861 c.
1724 2827 1756 2867 1,
1793 2825 1978 2861 303-305

220 2885 403 2928 (gallice);
431 2886 594 2918 Paclztler
619 2884 640 2919 1.
661 2898 689 2919 c.
719 2884 743 2925 I,
771 2884 977 2923 349—3-''›O;
1006 2884 1133 2917 Cartas
1160 2883 1202 2916 de
1222 2884 1294 2915 San
1317 2883 1462 2923 [mincio
1480 2881 1541 2921 VI,
1566 2879 1765 2914 497-498.
1793 2877 1979 2913 293-293

221 2938 345 2974 (latine
370 2941 404 2972 et
430 2938 643 2982 hispanice).
689 2939 817 2971 Prmztl
842 2937 967 2971 scribit
996 2937 1033 2980 (l.
1061 2948 1089 2970 c.
1119 2937 1143 2976 l,
1172 2935 1256 2978 225)
1286 2936 1305 2968 6
1334 2935 1487 2968 Iesuitns
1513 2936 1548 2967 et
1576 2933 1618 2967 12
1645 2932 1806 2966 alumnos
1835 2931 1894 2974 („6
1921 2930 1980 2963 Je-

218 2992 336 3024 Ι51111111
364 2991 433 3025 und
464 2992 505 3024 12
533 2991 749 3035 Aluumcffl)
779 2990 891 3025 Roma
917 2989 1177 3033 lngolstadium
1203 2988 1333 3022 missos
1360 2989 1458 3022 esse!
