2113 3430
363 199 396 233 2.
431 198 484 233 De
510 199 644 234 Canisii
669 199 834 244 epistulis
861 202 897 234 et
922 199 965 234 de
990 200 1129 235 ratione
1154 201 1191 234 in
1215 201 1261 235 iis
1287 201 1433 236 edendis
1459 204 1616 236 servata.
1759 218 1873 245 XXXI

107 326 254 360 prorsus
280 314 514 356 conformare,
541 325 622 348 cum
639 316 761 348 tamen
778 313 911 348 litteris
937 326 960 348 u
987 316 1023 348 et
1049 326 1072 348 v
1097 316 1220 348 nostro
1239 315 1342 348 modo
1360 317 1520 357 utantur,
1547 315 1673 351 relicto
1691 317 1838 361 antiquo
1853 318 1874 351 ¹.

105 367 178 402 Alii
203 368 301 412 ipsas
327 366 408 401 illas
433 366 575 401 litteras
601 379 625 400 v
652 369 687 401 et
712 379 736 401 u
761 367 833 401 iarn
859 366 1005 411 antiquo
1031 378 1129 401 more
1154 369 1302 412 ponunt,
1328 368 1399 401 iam
1425 371 1568 403 recente
1581 369 1604 403 ².

108 467 309 502 Sentenzen
335 466 504 508 Rolands‚
530 466 717 501 nachmals
744 466 898 512 Papstes
925 467 1132 501 Alexander
1149 467 1210 501 ΙΙΙ.
1242 466 1432 511 (Freiburg
1460 467 1481 501 i.
1501 468 1559 502 ΒΓ.
1590 469 1710 511 1891).
1737 481 1770 514 p.
1788 480 1873 504 Lxx.

106 521 198 555 Item
224 520 379 554 editores
410 519 542 554 codicis
569 519 788 565 diplomatici
813 520 1004 554 turicensis
1043 520 1191 562 (Esoher
1214 519 1287 553 und
1314 521 1545 565 Sclewez'tzer,
1580 521 1873 557 Urkundenbuch

108 573 171 607 der
205 572 310 607 Stadt
345 573 417 607 und
451 572 675 607 Landschaft
700 572 838 607 Ziirich.
880 573 944 607 Bd.
972 573 998 607 Ι.
1024 572 1069 606 II.
1111 572 1240 606 Ziirich
1267 572 1369 607 1888.
1399 573 1518 616 1890).
1568 575 1617 608 At
1647 578 1771 609 contra
1797 578 1872 610 Jos.

108 627 254 661 Fzssedler
282 626 319 660 in
353 625 499 660 edendis
534 625 786 667 relationibus,
821 636 911 669 quas
946 625 1059 668 legati
1095 625 1218 659 veneti
1252 625 1396 660 saeculo
1422 626 1518 660 XVI.
1551 628 1594 661 de
1622 627 1814 662 Germania
1840 632 1875 663 et

108 679 257 713 Austria
281 679 514 724 scripserunt,
541 690 662 713 eorum
689 680 725 713 et
750 679 983 724 scriptionem
1009 680 1045 712 et
1070 678 1393 723 interpunctionem
1420 679 1587 714 retinuit:
1623 681 1708 723 ,Die
1734 684 1875 725 grosste

111 731 272 775 Sorgfalt
296 732 419 766 wurde
446 732 576 766 darauf
598 731 824 773 verwendet‚
860 732 944 766 dass
981 731 1044 765 der
1069 731 1162 765 Text
1196 731 1262 765 mit
1288 732 1355 766 den
1380 732 1416 766 in
1448 732 1551 777 jeder
1576 733 1639 767 der
1664 733 1875 768 Relationen

112 797 156 819 zu
181 785 280 829 Tage
305 785 493 819 tretenden
520 784 937 828 Eigenthsimlichkeiten
964 784 1026 818 der
1052 783 1212 819 Schreib-
1237 785 1310 819 und
1336 785 1657 820 Ausdrucksweise
1682 787 1877 831 moglichst

108 841 236 882 getreu
260 838 557 882 wiedergegeben
582 837 710 872 werde.
745 837 1039 881 Abweichungen
1064 849 1147 871 vom
1166 837 1350 881 Originale
1376 838 1507 872 fanden
1531 851 1598 873 nur
1623 840 1660 873 in
1686 840 1748 874 der
1765 840 1876 874 Inter-

108 892 280 937 punction
326 893 435 933 statt,
478 903 533 925 wo
577 902 616 925 es
654 891 718 925 das
750 890 1008 925 Verstandniss
1046 890 1283 925 unerlasslieh
1317 891 1533 926 erforderte“
1577 892 1722 936 (Fontes
1758 905 1877 927 rerum

107 945 391 986 Austriacarum‚
417 944 525 979 Abth.
549 944 581 985 2,
607 943 710 977 XXX
735 943 856 987 [Wien
877 943 991 987 1870],
1018 943 1072 987 Χ).
1107 944 1148 977 In
1173 944 1470 989 interpungendis
1500 947 1761 987 ,Monzcmentis
1791 948 1876 981 Ger-

110 1000 254 1032 maniae
279 996 480 1032 he'storz'ce's“
507 997 668 1031 diversos
707 996 862 1030 editores
888 996 1052 1030 diversas
1086 996 1153 1031 sibi
1179 997 1280 1041 leges
1305 998 1478 1032 statuisse
1515 998 1652 1033 fatetur
1681 1001 1722 1034 G.
1749 1001 1876 1043 IVcw'tz,

109 1051 229 1085 Neues
255 1051 391 1086 Archiv
426 1051 488 1085 der
524 1048 769 1085 Gesellschaft
803 1049 861 1083 fur
895 1049 1008 1084 altere
1044 1050 1216 1084 deutsche
1243 1050 1580 1086 Geschiohtskunde
1606 1053 1639 1086 II
1668 1052 1879 1097 (Hannover

114 1104 376 1148 1876—1877),
402 1104 483 1145 457,
509 1115 542 1138 n.
569 1104 599 1137 1.

233 1159 243 1178 ¹
269 1158 325 1192 Ita
360 1170 394 1192 v.
425 1168 459 1201 g.
496 1158 546 1191 Io.
574 1157 677 1190 Frid.
705 1156 859 1190 Bmemer
892 1154 929 1189 in
969 1155 1090 1198 „Actis
1126 1155 1279 1191 Conradi
1304 1157 1331 1191 Ι.
1367 1157 1497 1201 Regis“
1530 1158 1743 1202 (Frankfurt
1768 1171 1799 1193 a.
1826 1160 1874 1194 M.

114 1209 243 1255 1859);
271 1210 331 1255 qui
357 1222 385 1244 e.
413 1221 448 1253 g.
474 1221 507 1254 p.
536 1209 579 1243 13
605 1208 714 1243 habet
744 1208 919 1251 „divino“,
951 1208 1136 1252 „iugiter“.
1170 1209 1261 1244 Item
1287 1212 1351 1244 Fr.
1370 1212 1416 1245 X.
1442 1223 1470 1245 v.
1490 1212 1631 1256 Ii'eyele,
1659 1211 1876 1247 Geschichte

113 1264 176 1298 der
202 1263 427 1298 Universitat
452 1262 659 1306 Wirzburg.
702 1262 733 1295 2.
753 1261 818 1296 Th.
845 1261 1137 1296 Urkundenbuch
1168 1263 1378 1307 (Wirzburg
1403 1264 1530 1308 1882);
1558 1265 1617 1309 qui
1643 1278 1677 1300 v.
1697 1277 1730 1309 g.
1750 1266 1877 1300 scribit

112 1317 255 1361 quidem
297 1316 490 1359 „civitas“,
537 1315 708 1359 „ubique“
724 1342 731 1355 ‚
773 1315 837 1348 sed
874 1314 982 1349 simul
1024 1315 1223 1360 ⁷,ydoneus“
1239 1344 1246 1358 ‚
1289 1316 1545 1358 ⁷,iurisdiccio“.
1606 1319 1726 1363 Atque
1764 1319 1872 1353 etiam

113 1372 156 1404 J..
182 1371 365 1405 Dachesne
390 1381 424 1403 v,
451 1380 506 1413 g.:
538 1368 727 1411 „amavit“.
757 1368 895 1409 „venit“
925 1380 989 1413 pro
1019 1369 1208 1411 „amauit“,
1240 1370 1377 1412 „uenit“
1406 1371 1524 1416 ponit,
1559 1383 1639 1406 cum
1673 1375 1794 1407 tamen
1820 1385 1872 1407 re-

111 1424 227 1458 tineat
252 1435 286 1457 v.
314 1435 348 1467 g.
378 1423 518 1465 „eius“:
545 1422 594 1456 Le
619 1421 725 1456 Liber
750 1421 972 1456 Pontificalis
1001 1421 1120 1466 (Paris
1141 1422 1241 1458 1886.
1263 1423 1382 1467 1892).
1416 1424 1456 1458 P.
1478 1426 1521 1458 H.
1542 1426 1578 1459 S.
1597 1427 1736 1469 Densifle
1753 1426 1793 1460 O.
1813 1426 1872 1460 Pr.

112 1478 150 1511 in
175 1488 240 1511 suo
262 1475 507 1519 „Chartulario
524 1474 783 1509 Universitatis
800 1474 1035 1509 Parisiensis“
1069 1475 1118 1519 (v.
1145 1475 1185 1510 T.
1203 1476 1219 1509 I
1245 1475 1409 1520 [Parisiis
1430 1477 1544 1522 1889],
1570 1478 1714 1522 introd.)
1742 1479 1874 1514 litteris

113 1530 134 1570 i,
163 1529 189 1575 j,
221 1542 255 1571 u,
289 1541 314 1563 v
338 1541 408 1563 non
434 1531 509 1563 tam
535 1529 682 1573 antiquo
708 1539 804 1562 more
840 1540 948 1572 quam
973 1530 1095 1563 nostro
1120 1529 1254 1571 utitur;
1289 1530 1426 1574 reliqua
1452 1533 1572 1565 autem
1598 1532 1739 1573 retinet,
1766 1535 1874 1577 atque

113 1583 222 1618 etiam
247 1595 282 1618 v.
309 1594 343 1627 g.
374 1582 485 1625 „HJ“‚
517 1581 612 1624 „VJ“
642 1581 720 1615 loco
749 1583 953 1616 nostrorum
984 1581 1088 1624 „III“‚
1129 1582 1232 1625 „V1“.
1283 1583 1440 1618 Rursum
1466 1585 1620 1618 Bmmner
1653 1586 1800 1627 suadet,
1835 1589 1875 1620 ut

112 1649 147 1672 v.
174 1647 208 1680 g.
234 1648 298 1682 pro
329 1635 404 1678 „VJ
410 1637 423 1651 ‘²
452 1637 605 1680 ponatur
635 1634 739 1677 „V1“‚
778 1636 814 1668 et
837 1634 915 1669 loco
940 1634 1144 1669 litterarum
1169 1636 1367 1670 versalium
1404 1636 1459 1681 (ut
1488 1636 1591 1681 „L1“)
1630 1638 1674 1672 ad
1708 1650 1875 1673 numeros

112 1689 367 1734 significandos
402 1700 607 1723 communes
637 1687 718 1722 illas
752 1699 816 1722 seu
846 1699 978 1733 parvas
1013 1688 1096 1733 poni
1129 1700 1234 1733 posse
1270 1691 1392 1724 censet
1431 1689 1486 1733 (ut
1516 1690 1620 1734 Γ11“);
1660 1691 1721 1736 qui
1755 1693 1875 1726 tamen

114 1755 132 1778 e
167 1755 248 1778 cum
282 1753 296 1775 >
330 1742 515 1787 supposito
549 1740 630 1775 vult
669 1740 834 1775 retineri:
884 1740 1100 1783 „Ansichten
1144 1742 1231 1776 iiber
1269 1742 1325 1776 die
1359 1743 1600 1786 Wiedergabe
1635 1744 1876 1779 handschrift-

113 1797 227 1831 licher
252 1794 613 1839 Geschichtsquellen
639 1794 686 1828 im
713 1794 869 1835 Druek“‚
896 1794 931 1828 in
962 1794 1061 1836 ,J0h.
1088 1794 1272 1829 Friedrich
1298 1795 1482 1830 Bohmer's
1504 1796 1633 1839 Leben,
1660 1797 1779 1832 Briefe
1804 1799 1876 1832 und

114 1850 274 1884 kleinere
300 1849 491 1884 Schriften.
526 1847 648 1882 Durch
675 1847 857 1882 Johannes
883 1848 1056 1882 Janssen⁴⁵
1086 1848 1138 1882 III
1166 1848 1357 1893 (Freiburg
1381 1849 1403 1884 i.
1430 1849 1468 1884 B.
1498 1850 1618 1894 1868),
1644 1851 1724 1885 463.
1767 1852 1821 1885 Ita
1842 1854 1876 1886 et

114 1903 192 1948 ipse
210 1904 291 1937 Joh.
311 1904 465 1937 Janssen
491 1901 684 1946 quadratos
710 1912 881 1934 annorum
908 1912 1075 1935 numeros
1092 1901 1128 1935 in
1145 1913 1277 1946 parvos
1294 1903 1468 1937 mutavit:
1498 1903 1713 1938 Frankfurts
1731 1903 1876 1939 Reichs-

116 1956 397 2001 correspondenz
423 1967 493 1989 von
514 1954 746 1989 1376—1519
773 1954 837 1988 Bd.
856 1954 872 1987 I
893 1954 1082 1998 (Freiburg
1100 1955 1121 1989 i.
1141 1955 1198 1989 ΒΓ.
1220 1955 1349 1999 1863);
1375 1956 1420 1990 cf.
1439 1968 1474 1990 v.
1492 1968 1527 1999 g.
1546 1968 1578 2001 p.
1601 1958 1677 1991 153.
1700 1958 1776 1991 155.
1796 1957 1875 1992 328.

235 2010 248 2030 ²
273 2009 330 2043 Ita
358 2009 394 2043 C.
421 2009 531 2042 Halm
556 2007 592 2041 in
618 2007 765 2041 edendis
791 2007 956 2052 operibus
983 2007 1131 2053 Sulpicii
1157 2007 1281 2042 Severi
1314 2011 1415 2043 tenet
1440 2009 1583 2053 quidem
1610 2022 1643 2044 v.
1670 2021 1704 2053 g.
1737 2011 1876 2053 ,uiden-

115 2063 208 2104 tur“‚
240 2061 502 2104 ,CLAVDIA“‚
537 2060 600 2095 sed
626 2060 750 2094 scribit
780 2061 872 2102 „ut“,
907 2060 1044 2103 „urbis“
1074 2061 1151 2095 loco
1182 2063 1276 2103 „vt“,
1307 2062 1467 2104 „vrbis“:
1502 2062 1637 2107 Corpus
1663 2064 1877 2108 scriptorum

116 2115 442 2150 ecclesiasticorum
466 2114 660 2148 latinorum
678 2113 693 2147 I
715 2113 961 2157 (Vindobonae
981 2113 1100 2158 1866),
1127 2127 1161 2149 v.
1180 2126 1214 2159 g.
1233 2127 1267 2160 p.
1286 2115 1365 2149 223.
1401 2115 1616 2150 Litterarum
1645 2128 1667 2150 u
1694 2119 1729 2151 et
1746 2129 1771 2151 v
1788 2118 1878 2151 anti-

115 2180 223 2213 quam
261 2168 491 2213 scriptionem
529 2166 679 2201 retinuit
715 2178 750 2200 v.
778 2178 812 2210 g.
850 2167 994 2201 libellus
1030 2167 1247 2212 periodicus,
1283 2168 1400 2203 editus
1426 2180 1447 2202 a
1472 2170 1514 2203 F.
1543 2171 1578 2203 J.
1606 2171 1729 2210 Μοηθ,
1771 2170 1879 2211 ,Zeit-

115 2221 245 2256 schrift-
269 2222 328 2255 fiir
362 2221 418 2255 die
446 2219 661 2255 Geschichte
697 2220 759 2254 des
786 2219 1022 2255 Oberrheins‘
1056 2220 1271 2265 (Karlsruhe
1300 2221 1390 2256 1850
1414 2221 1532 2266 sqq.);
1568 2222 1654 2256 item
1681 2222 1720 2257 P.
1748 2224 1878 2257 Ise'dor.

116 2276 218 2309 Raab
245 2274 285 2309 O.
314 2274 348 2309 S.
376 2275 415 2309 B.
441 2275 478 2308 in
509 2272 819 2316 ,Urkundenbuch
847 2274 910 2308 des
937 2273 1064 2308 Stiftes
1090 2274 1366 2308 Seitenstetten“
1401 2274 1547 2317 (Fontes
1574 2287 1692 2309 rerum
1718 2276 1879 2310 Austri-a-

115 2339 237 2362 carum
251 2328 314 2362 Bd.
329 2327 485 2362 XXXIII
502 2326 625 2371 (Wien
641 2325 760 2370 1870).
779 2328 972 2361 Buttmann
991 2338 1132 2371 quoque
1149 2327 1186 2371 (l.
1203 2326 1248 2371 c.)
1269 2328 1401 2362 retinet
1419 2340 1453 2362 v.
1468 2340 1501 2372 g.
1521 2329 1648 2370 „vnd“‚
1672 2329 1879 2370 „vrteilen“.

121 2383 247 2416 Tlceocl.
267 2382 383 2416 Siclcel
399 2381 437 2415 in
455 2379 600 2415 edendis
619 2378 872 2424 diplomatibus
890 2392 1016 2424 regum
1034 2383 1070 2414 et
1087 2381 1341 2426 imperatorum
1361 2381 1574 2416 Germaniae
1600 2394 1662 2426 pro
1680 2382 1880 2416 nominibus

116 2436 256 2469 tantum
282 2435 435 2479 propriis
460 2433 602 2468 litteras
629 2444 653 2466 v
679 2434 715 2466 et
739 2444 762 2466 u
788 2434 984 2468 secundum
1015 2434 1198 2478 antiquam
1226 2434 1455 2480 scriptionem
1482 2435 1563 2479 poni
1590 2435 1722 2469 voluit:
1758 2436 1880 2469 Monu-

117 2489 238 2521 menta
265 2487 477 2521 Germaniae
511 2486 693 2520 historica.
745 2486 949 2531 Diplomata
984 2487 999 2520 I
1038 2487 1290 2530 (Hannoverae
1319 2487 1589 2531 1879-1884),
1625 2499 1674 2522 v1.
1729 2490 1880 2531 Georfsio

118 2542 238 2574 autem
262 2541 378 2573 I‘ch'tz
402 2540 634 2574 vehementer
660 2538 846 2584 displicet,
882 2540 975 2584 quod
1001 2540 1146 2584 quidam
1170 2540 1312 2574 litteras
1338 2540 1358 2582 i,
1383 2540 1409 2585 j
1435 2553 1468 2581 u,
1496 2553 1519 2574 v
1545 2542 1708 2574 veterum
1741 2553 1882 2586 semper

117 2604 215 2627 more
249 2595 440 2637 usurpent:
489 2592 590 2635 „Wie
625 2591 693 2626 soll
730 2604 813 2626 man
848 2593 1047 2627 Urkunden
1085 2593 1254 2627 ediren'?“
1310 2593 1343 2627 in
1387 2593 1632 2635 ,Historische
1667 2593 1883 2633 Zeitschrift,

118 2646 412 2689 herausgegeben
430 2658 500 2679 von
517 2644 688 2679 Heinrich
715 2657 784 2679 von
804 2645 947 2691 Sybel“,
970 2646 1020 2680 IV
1041 2646 1236 2690 (Miinchen
1257 2646 1376 2689 1860),
1402 2647 1600 2681 438—448.
1637 2646 1732 2688 Quos
1758 2650 1881 2681 contra

119 2699 315 2733 XVaitzium
343 2698 503 2733 defendit
527 2701 572 2733 K.
593 2701 640 2734 H.
661 2700 782 2734 Frena.
809 2700 898 2733 Roth
928 2711 990 2733 ron
1012 2700 1315 2733 Selereckmzstein:
1355 2699 1456 2741 ‚wie
1482 2698 1549 2733 soll
1576 2711 1658 2733 man
1685 2699 1881 2734 Urkunden

119 2752 289 2786 ediren‘?“
323 2752 525 2795 (Ti'ibingen
554 2753 658 2797 1864)
688 2766 721 2798 p.
748 2752 898 2787 20-21.
950 2753 1069 2796 Atque
1093 2754 1151 2786 Ge.
1172 2754 1283 2786 Hem:
1305 2753 1418 2795 Pert:,
1446 2764 1526 2786 cum
1552 2752 1588 2786 in
1618 2753 1880 2794 „Monumentis

119 2805 332 2840 Germaniae
367 2805 566 2839 historicis“
606 2819 641 2841 v.
676 2818 710 2850 g.
752 2806 980 2848 „maiorem“,
1020 2805 1189 2847 „ieiuni0“
1231 2807 1296 2839 etc.
1333 2805 1524 2847 retineret,
1567 2805 1882 2849 „Novi0111ag111n“.

124 2860 250 2901 ,uxor“
281 2860 403 2893 nostro
429 2870 526 2892 more
552 2861 699 2903 poneret
727 2858 804 2902 (SS.
832 2859 858 2898 Ι,
887 2859 964 2892 195.
991 2858 1088 2901 321),
1115 2859 1150 2891 in
1177 2858 1382 2902 specimine.
1409 2858 1502 2903 quod
1528 2870 1620 2892 anno
1650 2860 1739 2893 1840
1763 2859 1881 2894 edidit.

121 2911 251 2945 codicis
277 2911 497 2956 diplomatici
523 2924 585 2957 pro
613 2912 822 2946 Guelforum
857 2911 964 2945 terris
999 2911 1226 2952 conficiendi,
1262 2911 1404 2945 litteras
1443 2913 1502 2954 „u“
1535 2914 1570 2945 et
1601 2913 1661 2954 „v“
1693 2912 1798 2946 aliter
1824 2913 1881 2946 ad-

119 2964 245 2999 hibuit.
288 2965 341 2998 En
367 2967 501 3008 quanta
530 2966 708 3000 varietas!
747 2965 920 2998 Fateor
945 2966 1102 2998 tamen
1129 2963 1205 2998 hio
1232 2964 1478 3009 complura
1506 2967 1738 3008 congesta
1766 2977 1882 3002 esse,

122 3029 239 3061 quae
266 3018 457 3052 eandem
484 3018 669 3052 omnino
696 3017 932 3051 rationem
959 3028 1046 3051 non
1077 3016 1266 3050 habent.
1317 3017 1487 3051 Maiorem
1516 3018 1609 3051 enim
1636 3018 1670 3051 in
1698 3018 1881 3051 retinenda

122 3071 237 3115 prima
261 3071 454 3116 scriptione
480 3083 602 3105 curam
629 3071 779 3114 exigunt
797 3070 980 3111 editiones,
1008 3081 1099 3114 quae
1118 3070 1301 3114 superiora
1319 3070 1464 3104 saecula
1481 3073 1648 3115 spectant
1666 3083 1771 3115 quam
1792 3083 1882 3115 quae

122 3123 338 3168 posteriora;
373 3124 458 3158 item
486 3136 577 3168 quae
603 3124 817 3169 philologiae
844 3123 963 3168 potius
988 3123 1163 3157 inservire
1189 3122 1318 3157 debent
1344 3134 1453 3167 quam
1488 3135 1579 3167 quae
1615 3124 1802 3165 historiae,
1841 3135 1881 3157 ac

124 3187 215 3220 quae
241 3177 285 3211 ad
310 3177 564 3222 particularem
590 3176 929 3222 historiographiam
955 3176 1135 3221 pertinent
1161 3187 1267 3220 quam
1295 3187 1385 3220 quae
1412 3177 1456 3210 ad
1482 3176 1733 3211 universalem.
