2178 3430
603 203 633 237 1.
668 203 721 237 De
746 203 854 239 rebus
879 215 900 239 a
927 203 1068 239 Canisio
1094 204 1208 248 gestis
1234 216 1276 239 ac
1301 205 1457 250 scriptis.
1790 223 1893 251 XVII

135 329 159 353 a
187 315 224 354 S.
253 315 323 354 Pio
352 316 400 354 V.
430 316 504 354 sibi
534 316 761 366 impositae;
803 319 911 357 cuius
947 318 1093 356 laboris
1131 319 1283 356 fructus
1322 320 1435 357 annis
1467 321 1565 358 1571
1599 324 1638 358 et
1669 322 1769 360 1577
1799 327 1894 362 11313

137 378 228 412 811111,
256 387 374 424 opera
402 375 462 413 De
493 376 529 414 8.
556 376 704 414 Ioanne
731 377 915 427 Baptista
944 391 990 415 30
1024 378 1113 425 „De
1141 377 1307 415 Maria
1335 379 1552 427 Virgine
1581 379 1894 431 incompara-

135 433 269 480 bili“‚
317 434 474 483 saepius
522 435 706 485 deinceps
748 436 861 475 edita.
926 436 1114 474 Attamen
1154 436 1315 485 Dilinga
1358 437 1694 487 Oenipontem
1736 439 1894 479 Canisio

137 491 428 541 demigrandum
466 493 541 531 fuit
578 495 625 531 ad
664 507 862 533 sermones
900 508 1034 533 sacros
1072 498 1111 532 et
1148 495 1250 544 apud
1286 496 1470 545 populum
1509 501 1547 534 et
1577 497 1618 534 in
1647 498 1736 535 aula
1764 499 1895 538 Ferdi-

134 551 255 589 nandi
282 551 334 589 II.
364 551 585 590 archiducis
614 554 826 592 habendos.
880 554 1118 602 Magdalena
1155 567 1305 603 quoque
1333 555 1570 592 Ferdinandi
1608 569 1719 594 soror
1748 558 1896 596 Canisii

136 609 309 648 consiliis
336 610 560 659 frequenter
587 614 782 659 utebatur,
811 626 897 650 cum
917 613 1079 650 Halae
1108 612 1304 661 virginum
1334 614 1538 662 collegium
1559 615 1750 663 quoddam
1779 620 1895 666 atque

136 668 254 706 etiam
273 669 482 707 Societatis
502 670 592 708 Iesu
622 672 777 709 scholas
807 671 1031 709 condendas
1062 675 1227 710 curaret.
1265 672 1439 710 Eundem
1459 673 1747 711 Ferdinandum
1771 680 1810 712 et
1829 677 1895 714 Al-

133 728 287 765 bertum
305 728 352 766 V.
373 727 570 766 Bavariae
599 730 734 768 ducem
754 729 934 768 Canisius
964 731 1013 768 ad
1032 731 1192 779 negotia
1211 731 1411 779 religionis
1430 732 1638 769 tractanda
1667 745 1769 771 anno
1793 736 1894 773 1573

136 786 461 825 auctoritate
492 787 731 837 Gregorii
750 789 859 827 XIII.
888 789 1085 839 pontificis
1116 789 1310 828 convenit.
1357 792 1394 827 A
1423 804 1496 839 quo
1517 791 1716 829 Romam
1746 806 1895 843 quoque

136 845 271 883 eodem
308 859 411 884 anno
450 847 598 885 accitus
637 851 676 885 et
714 848 761 885 de
800 861 919 886 causa
957 848 1157 897 religionis
1194 848 1235 886 in
1267 848 1476 887 Germania
1512 851 1775 899 promovenda
1808 865 1895 890 con-

136 905 262 943 sultus
292 908 372 951 est3
412 905 478 943 ubi
508 905 687 944 Canisius
716 906 818 944 inter
847 907 924 944 alia
954 907 1159 956 collegium
1188 908 1474 956 germanicum,
1513 909 1613 958 quod
1651 910 1700 947 ab
1730 910 1813 949 eius
1841 911 1896 949 in-

134 963 216 1002 itiis
253 963 429 1013 impense
472 965 646 1011 foverat,
694 965 890 1014 pontificis
928 966 1157 1004 liberalitati
1196 967 1501 1013 commendavit,
1547 968 1806 1018 eundemque,
1854 974 1897 1008 ut

136 1023 325 1061 eiusmodi
355 1023 563 1061 seminaria
601 1024 641 1061 in
678 1024 766 1073 ipsa
798 1025 915 1062 etiam
947 1025 1156 1063 Germania
1186 1027 1391 1072 conderet,
1431 1027 1641 1066 admonuit.
1698 1028 1897 1067 Cardinali

136 1086 265 1120 autem
304 1083 466 1120 Morono
503 1082 544 1120 in
583 1083 787 1121 consilium
829 1084 942 1121 datus
985 1087 1044 1122 est
1084 1084 1262 1123 Canisius
1304 1098 1405 1123 anno
1447 1087 1572 1133 1576,
1616 1101 1702 1126 011111
1742 1088 1806 1126 1110
1847 1089 1897 1126 111

135 1141 596 1179 ratisbonensibus
633 1142 861 1180 comitiis
899 1143 1098 1191 legatione
1126 1144 1325 1193 pontificis
1354 1145 1593 1193 fungeretur.
1649 1148 1710 1185 Ac
1739 1148 1896 1185 tandem

137 1200 329 1247 Canisius,
360 1213 446 1238 cum
467 1200 580 1238 annis
602 1201 703 1238 1578
726 1204 764 1238 01
787 1202 888 1239 1579
908 1215 979 1251 per
1008 1215 1162 1240 sacrum
1190 1203 1325 1241 ieiunii
1350 1204 1509 1242 maioris
1529 1208 1682 1255 tempus
1702 1207 1897 1245 Landis-

135 1260 247 1298 huti
276 1272 405 1297 coram
427 1259 632 1297 Guilielmo
654 1260 750 1298 duce
780 1273 800 1298 e
825 1264 1016 1309 suggestu
1046 1261 1222 1308 dixisset,
1254 1267 1421 1300 exeunte
1450 1277 1552 1302 anno
1584 1266 1685 1303 1580
1707 1279 1730 1303 a
1749 1266 1897 1305 Ioanne

135 1319 348 1357 Francisco
378 1318 595 1356 Bonhomio
634 1319 816 1369 episcopo
855 1320 1088 1358 vercellensi
1125 1321 1337 1370 nuntioque
1374 1323 1573 1372 pontificis
1612 1325 1800 1363 deductus
1837 1329 1898 1364 est

135 1378 440 1426 Friburgum
476 1377 526 1415 in
563 1378 880 1425 Helvetiam,
919 1379 1046 1428 ibique
1076 1393 1198 1417 senex
1227 1384 1266 1418 et
1295 1381 1515 1431 decrepitus
1545 1383 1701 1422 scholas
1731 1385 1896 1434 aperuit,

135 1436 290 1486 collegii
317 1436 570 1474 fundamenta
598 1437 700 1483 iecit,
732 1437 961 1476 sodalitates
989 1438 1249 1477 Beatissimae
1279 1440 1454 1488 Virginis
1482 1441 1665 1489 instituit,
1695 1444 1897 1482 contiones

136 1500 175 1535 et
204 1496 432 1534 catecheses
460 1496 616 1543 habuit3
646 1496 788 1534 ibidem
815 1497 899 1535 vita
929 1497 1098 1536 decessit
1124 1498 1185 1536 21.
1206 1499 1504 1538 Decembris
1527 1502 1642 1549 1597,
1671 1502 1897 1540 meritorum

135 1568 229 1593 sane
258 1554 519 1605 plenissimus.

252 1614 352 1652 Nam
366 1617 523 1663 praeter
537 1614 733 1652 orationes
754 1628 889 1653 sacras
904 1618 942 1653 et
958 1616 1186 1654 catechismi
1201 1617 1496 1667 explicationes,
1518 1619 1656 1668 quibus
1671 1620 1894 1666 Bavariam,

135 1673 350 1720 Austriam,
380 1672 586 1720 Alsatiam,
617 1674 890 1721 Franconiam,
921 1675 1092 1722 Tirolim,
1122 1675 1362 1723 Bohemiam,
1391 1677 1616 1716 Helvetiam
1647 1679 1769 1717 variis
1798 1680 1896 1718 locis

137 1733 383 1779 excoluerat,
412 1735 570 1782 praeter
600 1733 764 1771 consilia
794 1747 840 1771 ac
868 1734 1037 1781 monita,
1069 1734 1206 1784 quibus
1234 1736 1377 1774 multos
1406 1737 1596 1786 primores
1627 1741 1665 1776 et
1694 1752 1829 1777 sacros
1859 1743 1898 1778 et

136 1793 273 1831 civiles
300 1791 507 1838 munierat,
539 1792 783 1829 calamum
812 1793 1149 1842 scriptorium
1171 1794 1350 1833 Canisius
1379 1795 1469 1834 inde
1498 1809 1521 1834 a
1550 1798 1611 1835 23.
1633 1810 1727 1835 suae
1753 1798 1897 1837 aetatis

135 1866 236 1891 anno
266 1851 315 1889 ad
342 1854 507 1888 mortem
536 1864 657 1900 usque
686 1865 894 1901 numquam
924 1853 1114 1902 deposuit.

255 1923 315 1958 88.
351 1922 477 1968 Cyrilli
512 1922 747 1957 Alexandrini
782 1926 817 1957 et
852 1924 981 1958 Leonis
1015 1924 1141 1968 Magni
1176 1937 1283 1970 opera
1319 1937 1409 1960 anno
1448 1927 1538 1961 1546
1575 1927 1740 1962 Coloniae
1776 1929 1897 1969 edidit,

135 1977 338 2020 ibidemque
365 1996 407 2000 —
434 1976 501 2010 hoc
535 1975 665 2010 saltem
691 1988 777 2011 vero
812 1976 1034 2011 simillimum
1069 1980 1126 2012 est
1152 1998 1194 2001 —
1221 1979 1363 2013 Ioannis
1396 1991 1535 2024 quoque
1561 1980 1723 2023 Tauleri,
1760 1982 1898 2016 decoris

134 2030 232 2064 illius
258 2029 502 2064 dominicanae
528 2028 704 2071 familiae,
739 2030 872 2075 scripta
898 2031 1104 2074 germanica
1129 2032 1228 2076 prelo
1255 2032 1407 2067 subiecit
1432 2033 1510 2078 ipso
1536 2045 1626 2068 anno
1655 2035 1764 2077 1543,
1790 2036 1896 2080 paulo

134 2085 325 2128 postquam
344 2081 515 2117 Societati
531 2082 613 2116 Iesu
637 2094 766 2117 nomen
792 2083 900 2125 dedit,
926 2084 1049 2129 sicque
1075 2086 1205 2119 ceteris
1231 2086 1404 2127 omnibus,
1431 2087 1492 2131 qui
1516 2087 1552 2121 in
1576 2088 1700 2122 eadem
1719 2087 1897 2123 800101310

133 2136 242 2170 libros
269 2136 421 2177 edidere,
448 2136 554 2178 longo
579 2137 739 2180 tempore
764 2137 1020 2181 praecucurrit.
1064 2137 1097 2172 8.
1125 2138 1335 2184 Hieronymi
1362 2151 1502 2184 quoque
1529 2141 1704 2185 epistulas
1730 2142 1765 2175 in
1791 2153 1895 2176 usum

133 2189 336 2224 scholarum
361 2189 491 2232 selegit
517 2191 552 2223 et
578 2188 762 2230 distinxit,
797 2189 899 2224 cuius
933 2191 1050 2235 operis
1085 2191 1229 2226 circiter
1262 2193 1307 2227 40
1339 2193 1513 2228 editiones
1538 2193 1642 2228 hodie
1668 2197 1773 2228 notae
1799 2198 1895 2229 sunt.

131 2242 258 2277 Libros
291 2242 534 2288 precationum
570 2243 647 2276 tum
682 2242 889 2285 germanica
925 2243 1050 2287 lingua
1084 2246 1161 2278 tum
1199 2245 1311 2279 latina
1351 2247 1536 2280 contexuit
1575 2247 1794 2292 complures:
1832 2260 1895 2293 pro

131 2297 262 2341 pueris,
289 2295 458 2338 aegrotis,
483 2295 685 2329 litterarum
712 2296 892 2337 studiosis,
918 2297 1158 2342 principibus;
1184 2298 1278 2332 inter
1303 2310 1392 2343 quos
1417 2299 1527 2334 libros
1558 2300 1744 2342 „Manuale
1766 2301 1895 2335 Catho-

131 2349 299 2384 licorum⁴⁴
338 2348 420 2394 plus
454 2359 561 2393 quam
596 2349 764 2392 trigesies
797 2350 908 2384 variis
943 2350 980 2384 in
1014 2350 1147 2395 linguis
1180 2352 1314 2386 editum
1350 2354 1416 2387 est.
1469 2352 1600 2387 Contra
1636 2355 1895 2389 centuriatores

133 2414 224 2446 quae
249 2402 445 2447 scripserit,
471 2401 541 2436 iam
569 2402 702 2436 dictum
729 2405 794 2437 est.
837 2402 1024 2438 Lectiones
1050 2404 1280 2448 evangelicas
1306 2405 1431 2440 diebus
1456 2406 1642 2440 dominicis
1668 2410 1704 2441 et
1729 2407 1833 2441 festis
1858 2407 1894 2441 in

134 2455 286 2490 ecclesia
310 2455 455 2490 recitari
482 2454 607 2489 solitas
633 2454 770 2490 duobus
795 2456 937 2500 magnis
967 2456 1229 2499 voluminibus,
1264 2458 1299 2492 in
1334 2470 1438 2492 usum
1474 2459 1630 2492 maxime
1656 2460 1894 2502 sacerdotum,

134 2508 236 2542 docte
262 2519 304 2542 ac
328 2508 386 2553 pie
412 2507 631 2552 explanavit.
683 2507 800 2543 Libris
825 2509 1041 2553 germanicis
1075 2510 1190 2554 iisque
1225 2511 1269 2544 ad
1299 2511 1420 2556 populi
1447 2515 1591 2556 captum
1618 2513 1894 2548 accommodatis

133 2562 340 2595 sanctorum
366 2560 554 2594 Helvetiae
580 2563 811 2605 patronorum
846 2562 942 2596 vitas
978 2563 1164 2607 exposuit:
1200 2563 1322 2604 Beati,
1357 2564 1536 2605 Mauritii,
1572 2565 1676 2606 Ursi,
1712 2565 1893 2607 Fridolini,

134 2614 242 2648 lddae
267 2613 617 2656 Toggenburgensis,
645 2614 683 2649 Β,
706 2614 845 2649 Ν100131
872 2615 914 2649 (10
941 2614 1041 2660 Rupe
1071 2616 1156 2659 (von
1183 2616 1245 2650 der
1270 2616 1387 2660 Flue).
1430 2617 1482 2651 Ac
1508 2620 1652 2662 praeter
1677 2618 1777 2660 alios,
1803 2630 1893 2663 quos

134 2667 210 2712 ipse
236 2666 391 2711 scripsit,
417 2665 567 2708 libellos,
594 2667 743 2701 aliorum
763 2679 902 2712 quoque
924 2668 1189 2703 lucubrationes
1208 2671 1270 2703 aut
1296 2670 1506 2713 recognovit
1532 2672 1594 2704 aut
1611 2672 1893 2715 praefationibus

135 2719 277 2754 ornavit
311 2721 374 2753 aut
399 2719 513 2753 denuo
547 2719 583 2753 in
617 2719 733 2754 lucem
761 2721 899 2756 emisit.
935 2723 975 2755 ut
1001 2721 1210 2756 catechismi
1244 2722 1380 2756 romani
1411 2723 1612 2757 versionem
1638 2725 1892 2767 germanicam,

133 2772 431 2818 martyrologium
448 2783 633 2806 romanum
652 2774 855 2817 germanice
873 2774 1017 2815 editum,
1042 2773 1211 2808 Stanislai
1230 2774 1332 2809 Hosii
1351 2775 1524 2820 scriptum
1544 2776 1675 2811 Contra
1694 2778 1891 2818 Brentium,

134 2826 234 2860 Petri
259 2825 391 2860 Busaei
417 2836 506 2870 opus
532 2825 814 2868 catechisticum,
844 2827 1009 2861 Andreae
1035 2827 1158 2871 Vegae
1185 2827 1225 2861 O.
1253 2827 1287 2862 8.
1314 2828 1371 2862 Fr.
1398 2829 1569 2872 grandem
1595 2831 1790 2864 tractatum
1822 2830 1892 2873 ,De

135 2878 423 2920 iustificatione“‚
463 2878 687 2921 „Agendam‘
728 2879 1002 2914 archidioecesis
1036 2880 1337 2923 salisburgensis,
1372 2882 1584 2916 Hannibalis
1611 2882 1770 2918 Codretti
1798 2884 1830 2918 S.
1858 2884 1890 2918 J.

136 2932 415 2967 Grammaticam
441 2931 600 2965 latinam.

255 3002 363 3048 Quod
391 3015 485 3040 vero
516 3006 633 3051 caput
661 3005 741 3048 est,
780 3002 941 3040 Lutheri
981 3003 1218 3041 catechismo
1255 3017 1325 3053 per
1356 3004 1604 3043 Germaniam
1634 3006 1890 3046 usitatissimo

137 3061 318 3100 Canisius
351 3061 641 3100 Catechism
654 3074 724 3099 um
754 3075 863 3099 suum
894 3062 1076 3111 opposuit
1104 3062 1318 3112 triplicem:
1349 3064 1471 3113 primo
1502 3065 1653 3113 quidem
1684 3065 1889 3113 Summam,

138 3133 251 3169 quam
280 3120 467 3166 diximus,
507 3121 708 3158 doctrinae
738 3120 996 3167 christianae;
1036 3134 1149 3170 quam
1182 3122 1347 3160 eximius
1377 3124 1531 3173 quidam
1560 3127 1718 3162 nostrae
1748 3125 1890 3163 aetatis

135 3178 342 3228 theologus
371 3179 527 3217 saeculo
547 3179 650 3217 XVI.
671 3179 771 3217 idem
796 3179 877 3217 fere
898 3180 1069 3218 valuisse
1097 3184 1222 3230 putat,
1253 3182 1353 3231 quod
1381 3195 1450 3232 pro
1479 3183 1602 3221 medio
1633 3196 1730 3221 aevo
1750 3184 1890 3222 Petrus

206 3248 516 3280 Braunsberger,
537 3249 646 3274 Canisii
667 3249 826 3279 Epistulae
845 3251 875 3274 et
894 3251 978 3275 Acta.
1592 3249 1613 3280 b
