2113 3430
363 183 394 218 2.
429 182 482 217 De
510 181 643 217 Canisii
668 181 834 227 epistulis
860 182 897 216 et
922 181 965 215 de
990 180 1129 215 ratione
1154 180 1191 214 in
1217 180 1261 215 iis
1287 179 1433 214 edendis
1458 180 1615 214 servata.
1775 193 1869 221 XXV

109 302 254 340 ciarum
277 300 372 347 eius,
401 299 442 338 in
460 299 591 338 libello
612 298 807 348 periodico
836 297 1078 336 bruxellensi
1102 297 1339 344 „Collection
1363 297 1409 334 de
1429 296 1563 334 Precis
1582 295 1841 345 historiques“
1861 312 1868 342 ;

106 373 269 410 quorum
306 359 492 397 librorum
529 357 647 395 index
686 357 957 407 alphabeticus
995 356 1161 405 singulis
1198 355 1458 393 voluminibus
1495 355 1668 393 addetur.
1724 355 1869 392 Verum

107 420 252 458 multae
290 417 481 468 epistulae
518 417 660 455 ibidem
697 417 859 454 mutilae
897 419 1051 454 tantum
1088 414 1337 464 reperiuntur
1374 417 1442 451 aut
1479 414 1519 451 in
1552 414 1667 451 aliam
1696 414 1870 462 linguam

108 490 322 517 conversae
352 480 420 515 aut
449 476 563 514 aliter
591 479 777 522 mutatae,
809 478 847 513 et
877 488 927 513 ex
954 474 1051 524 ipsis
1080 474 1158 511 illis
1186 473 1297 511 libris
1319 473 1536 522 complures
1566 473 1734 511 rariores
1765 476 1868 512 sunt.

105 537 262 586 quidam
291 535 408 573 etiam
436 534 639 573 rarissimi.
695 534 861 572 Accedit
889 533 989 582 quod
1017 533 1232 582 permultae
1262 531 1453 581 epistulae
1484 531 1629 569 canisii
1661 545 1869 581 numquam

106 596 236 634 editae
265 598 368 640 sunt,
397 607 522 643 neque
551 593 669 632 etiam
696 593 840 631 iudicia
868 592 1057 641 quaedam
1086 591 1269 637 eiusdem,
1301 603 1399 640 quae
1427 591 1545 638 longa
1567 594 1658 628 sunt
1679 594 1718 628 et
1738 590 1870 639 magni

104 653 301 693 momenti.
348 654 459 691 Haec
489 653 535 690 de
565 652 742 702 epistulis
763 665 786 689 a
806 651 962 689 Canisio
993 650 1161 700 scriptis,
1209 650 1353 687 Earum
1373 652 1516 695 autem,
1547 662 1645 698 quae
1675 650 1723 687 ad
1743 649 1870 698 ipsum

105 714 221 751 datae
251 715 364 758 sunt,
403 711 664 761 paucissimae
692 714 846 749 tantum
883 709 989 759 typis
1028 709 1248 758 descriptae
1285 708 1600 758 conspiciuntur,
1641 721 1687 745 ac
1723 708 1870 745 multae

106 772 260 811 omnino
289 771 455 821 periisse
483 771 678 816 videntur,
707 770 762 808 ita
791 783 827 808 v.
857 782 892 818 g.
922 769 1024 815 illae,
1056 769 1102 806 de
1131 768 1270 817 quibus
1297 768 1338 806 P.
1361 767 1553 816 Georgius
1584 767 1749 804 Scherer
1775 767 1811 804 S.
1833 767 1869 805 J.

107 853 152 858 —
170 831 348 869 Viennae
368 830 402 868 is
423 830 658 879 aliquamdiu
672 828 820 868 Canisii
836 828 965 866 socius
981 827 1216 865 domesticus
1231 827 1361 864 fuerat
1379 849 1422 852 —
1441 827 1502 864 29.
1517 825 1750 864 Novembris
1767 827 1869 863 1604

103 890 245 928 Lentia
265 889 314 928 ad
333 890 375 928 P.
396 889 685 927 Ferdinandum
705 888 902 933 Alberum‚
925 886 1079 935 collegii
1098 885 1325 924 viennensis
1345 889 1548 931 rectorem,
1570 885 1668 922 haec
1690 884 1868 934 scripsit:

109 949 271 996 „Inveni
301 949 418 986 etiam
446 948 582 986 literas
611 947 755 985 multas
785 945 965 984 Caesaris
994 945 1243 991 Ferdinandi,
1278 945 1416 994 quibus
1445 944 1572 994 ipsum
1602 943 1801 982 Canis-ium
1830 944 1871 981 in

104 1008 274 1057 negotiis
306 1007 552 1056 gravissimis
583 1006 835 1051 consulebat,
874 1004 950 1042 imo
991 1005 1191 1042 deferebat
1218 1004 1295 1054 ipsi
1323 1017 1466 1053 magna
1494 1003 1685 1041 instantia
1714 1003 1870 1052 Episco-

103 1071 238 1117 patum
258 1067 535 1112 Viennensem,
564 1065 696 1103 nescio
728 1078 778 1102 an
798 1064 915 1102 etiam
935 1064 1237 1102 Labacensem.“
1261 1066 1269 1085 ¹
1316 1063 1504 1101 Attamen
1532 1062 1699 1100 feliciter
1728 1061 1870 1107 evenit,

105 1130 148 1164 ut
177 1127 386 1164 multarum
407 1124 596 1163 eiusmodi
626 1124 882 1174 epistularum
903 1122 1219 1160 adumbrationes
1241 1122 1380 1160 saltem
1401 1125 1468 1160 aut
1488 1121 1716 1171 apographa
1737 1121 1871 1159 eodem

103 1190 279 1235 tempore
316 1186 424 1223 facta
462 1186 811 1228 conservarentur,
852 1195 984 1220 earum
1022 1181 1230 1231 imprimis,
1271 1194 1367 1231 quas
1406 1182 1455 1219 ad
1493 1180 1691 1219 Canisium
1731 1181 1870 1218 dedere

104 1245 310 1294 generales
339 1242 553 1293 praepositi
583 1242 750 1280 Iacobus
778 1240 953 1286 Lainius,
985 1240 1021 1279 S.
1043 1241 1280 1278 Franciscus
1307 1240 1488 1289 Borgias,
1518 1239 1742 1277 Everardus
1771 1239 1870 1277 Mer-

107 1304 304 1349 curianus,
335 1302 519 1341 Claudius
548 1301 766 1350 Aquaviva.

227 1363 282 1400 Ut
309 1362 406 1399 haec
437 1360 565 1399 omnia
595 1360 892 1408 colligerentur,
933 1362 1050 1408 atque
1087 1358 1204 1396 etiam
1243 1357 1321 1395 alia
1360 1357 1443 1395 sive
1482 1357 1629 1407 scripta
1668 1357 1752 1395 sive
1781 1357 1868 1395 libri

107 1421 198 1468 rari,
224 1421 290 1470 qui
310 1420 489 1470 epistulis
508 1420 605 1469 ipsis
626 1420 752 1457 lucem
773 1431 983 1468 aspergere
1003 1421 1177 1467 possent,
1206 1417 1490 1463 invenirentur,
1519 1417 1759 1466 perlustrata
1779 1419 1870 1454 sunt

107 1481 195 1530 plus
224 1493 338 1529 quam
367 1481 443 1517 260
474 1478 738 1517 tabularia
777 1480 823 1515 et
860 1476 1218 1515 bibliothecae
1247 1498 1297 1502 —
1328 1489 1448 1525 eaque
1477 1475 1688 1513 maximam
1716 1478 1868 1525 partem

109 1541 157 1577 ab
187 1539 335 1577 editore
372 1538 457 1588 ipso
487 1538 607 1575 —in
635 1536 802 1586 Anglia,
843 1536 1026 1582 Austria,
1066 1535 1226 1585 Belgio,
1265 1535 1414 1581 Dama,
1456 1535 1605 1581 Gallia,
1645 1534 1866 1581 Germania,

108 1598 305 1644 Helvetia,
335 1597 541 1648 Hispania,
572 1596 794 1642 Hollandia,
824 1595 953 1641 Italia,
983 1595 1200 1641 Lusitania,
1232 1594 1382 1633 Suecia.

227 1684 344 1719 Multa
368 1686 511 1729 reperta
537 1685 621 1718 sunt
646 1683 681 1717 in
708 1683 883 1717 archivis:
919 1684 1057 1717 secreto
1091 1682 1277 1723 vaticanO,
1303 1682 1401 1726 regio
1427 1681 1631 1716 monacensi
1643 1681 1666 1722 ²,
1702 1692 1869 1715 caesareo

110 1737 323 1772 viennensi3
347 1737 505 1782 itemque
531 1749 698 1771 caesareo
724 1736 961 1782 oenipontano
973 1737 997 1777 ⁴²,
1024 1734 1201 1769 cantonali
1227 1735 1446 1779 friburgensi
1471 1734 1507 1768 in
1525 1734 1694 1768 Helvetia
1720 1737 1807 1775 etc.;
1834 1734 1870 1768 in

111 1790 286 1826 musaeis:
321 1791 540 1831 britannico,
577 1790 670 1834 quod
705 1791 761 1824 est
786 1789 955 1830 Londini,
991 1790 1026 1822 et
1061 1788 1302 1833 plantiniano,
1339 1787 1430 1832 quod
1467 1790 1522 1822 est
1557 1787 1798 1833 Antverpiae3
1834 1787 1871 1821 in

112 1844 356 1878 bibliothecis:
392 1843 491 1878 urbis
517 1843 650 1877 Romae
676 1842 863 1883 vaticana,
899 1842 1146 1881 casanatensi,
1180 1840 1371 1882 nationali,
1406 1839 1662 1874 viennensibus
1693 1839 1810 1874 aulica
1836 1842 1872 1874 et

112 1897 329 1938 academica,
354 1896 628 1931 monacensibus
654 1896 755 1939 regia
781 1897 817 1929 et
843 1894 1058 1935 academica,
1085 1894 1278 1938 dilingensi
1295 1894 1406 1937 regia,
1432 1893 1631 1927 lovaniensi
1657 1892 1871 1933 academica,

113 1950 401 1985 bruxellensibus
435 1950 536 1993 regia
572 1952 608 1984 et
641 1952 782 1994 patrum
810 1947 1131 1988 Bollandistaru1n;
1168 1947 1320 1991 denique
1355 1947 1519 1990 Friburgi
1551 1946 1800 1980 Helvetiorum
1835 1946 1871 1979 in

112 2003 336 2038 bibliothecis
362 2003 572 2037 dioecesana
598 2004 634 2037 et
660 2001 858 2042 cantonali,
884 2001 1051 2044 Friburgi
1077 2000 1288 2044 Brisgoviae
1314 2001 1351 2034 in
1377 1999 1600 2041 academica;
1627 2002 1736 2044 atque
1763 1999 1871 2033 etiam

112 2057 235 2091 multis
262 2057 342 2091 aliis
368 2056 467 2090 locis.
519 2054 616 2097 Quae
643 2055 760 2089 omnia
785 2055 843 2089 hic
869 2065 1077 2088 enumerare
1103 2065 1173 2087 non
1199 2056 1317 2088 vacat.

232 2144 404 2193 Singulis
434 2147 565 2182 autem
595 2143 773 2193 epistulis
811 2155 952 2180 nomen
991 2141 1142 2180 archivi
1176 2142 1238 2179 vel
1266 2141 1527 2179 bibliothecae
1558 2141 1794 2186 ascribetur,
1833 2140 1874 2178 111

113 2217 188 2254 qua
224 2204 408 2242 inventae
438 2207 530 2241 sunt
558 2203 642 2241 sive
677 2203 915 2251 archetypae
955 2201 1037 2239 sive
1074 2201 1358 2250 transcriptae,
1399 2204 1437 2238 et
1475 2203 1680 2250 praeterea
1710 2199 1874 2248 singulis

112 2262 373 2301 voluminibus
395 2265 629 2312 conspectus
660 2261 833 2299 codicum
853 2274 970 2298 manu
990 2260 1225 2310 scriptorum
1245 2260 1494 2309 praefigetur,
1525 2259 1588 2308 qui
1610 2259 1657 2296 ad
1687 2258 1876 2308 epistulas

113 2322 197 2360 eius
226 2321 436 2360 voluminis
464 2322 528 2359 vel
558 2320 836 2359 exscribendas
864 2320 927 2357 vel
959 2319 1215 2357 illustrandas
1244 2318 1488 2368 frequentius
1517 2318 1681 2356 adhibiti
1711 2320 1812 2355 sunt.

232 2380 440 2419 Societatis
479 2393 628 2430 quoque
657 2380 748 2418 Iesu
786 2378 980 2417 tabularia
1019 2381 1057 2416 et
1095 2378 1356 2416 bibliothecae
1396 2377 1657 2427 compluribus
1692 2377 1732 2414 in
1760 2375 1876 2414 terris

114 2440 406 2490 pervestigatae
436 2442 474 2477 et
501 2440 623 2477 multa
651 2439 692 2476 in
720 2438 769 2476 iis
798 2438 960 2475 inventa
990 2440 1100 2483 sunt3
1134 2437 1250 2485 longe
1280 2440 1408 2475 autem
1440 2437 1552 2486 plura
1582 2439 1686 2474 certe
1714 2435 1876 2473 inventa

117 2502 261 2544 essent,
289 2498 367 2536 nisi
387 2498 428 2536 in
447 2498 748 2548 tempestatibus
770 2497 937 2535 saeculis
958 2496 1105 2534 XVIII.
1126 2500 1165 2534 et
1184 2496 1288 2534 XIX.
1311 2499 1446 2534 contra
1467 2495 1702 2534 Societatem
1729 2493 1878 2532 exortis

117 2557 264 2606 scripta
293 2557 397 2603 eius,
426 2561 506 2595 tam
534 2559 632 2595 bene
662 2557 751 2595 olim
782 2556 972 2606 disposita
1002 2559 1040 2593 et
1070 2559 1324 2601 conservata,
1355 2555 1488 2593 multis
1517 2554 1641 2592 modis
1670 2553 1875 2603 permixta,

116 2616 309 2662 mutilata,
335 2619 460 2665 rapta,
482 2629 533 2654 ex
551 2629 629 2654 una
648 2616 806 2664 regione
826 2615 866 2652 in
886 2615 1049 2652 alteram
1069 2614 1314 2660 transmissa,
1337 2627 1386 2651 ex
1406 2617 1517 2663 parte
1539 2613 1657 2651 etiam
1677 2613 1877 2650 destructa

118 2677 262 2713 essent.
318 2675 447 2723 Atque
477 2688 526 2712 ex
554 2675 602 2713 iis
631 2675 727 2724 ipsis
757 2674 936 2724 epistulis
966 2673 1125 2719 Canisii,
1156 2686 1254 2722 quae
1285 2673 1385 2722 apud
1414 2686 1486 2710 nos
1517 2675 1747 2722 supersunt,
1778 2684 1876 2709 com-

117 2735 248 2784 plures
279 2733 405 2771 editor
433 2747 510 2771 non
538 2734 656 2780 vidit;
693 2737 866 2771 attamen
896 2732 1044 2778 effecit,
1076 2736 1118 2770 ut
1147 2732 1244 2770 satis
1275 2736 1460 2770 accurata
1490 2745 1622 2769 earum
1651 2731 1878 2781 apographa

119 2793 193 2831 sibi
212 2793 470 2831 mitterentur.
513 2792 709 2838 Quodsi
738 2792 817 2830 cui
847 2792 1046 2841 scripto
1077 2795 1161 2828 aut
1191 2791 1379 2840 scripti
1408 2790 1704 2841 particulae
1734 2791 1877 2828 locus

117 2866 212 2890 non
253 2851 560 2898 ascribitur,
609 2851 660 2888 in
701 2864 799 2900 quo
841 2853 1034 2896 exstet,
1087 2863 1142 2888 eo
1190 2850 1302 2899 ipso
1354 2849 1700 2898 significatur
1748 2849 1878 2899 apud

119 2910 433 2949 Societatem
472 2910 589 2948 Iesu
627 2922 751 2947 esse.

241 3062 251 3081 ¹
277 3060 549 3105 Autographum
576 3061 631 3094 est
656 3060 691 3093 in
718 3059 894 3093 tabulario
920 3059 1073 3103 quodam
1100 3058 1289 3093 Societatis
1315 3061 1470 3093 nostrae.

237 3113 250 3134 ²
277 3114 319 3148 K.
347 3113 615 3147 Reichsarchiv.
761 3112 774 3133 ⁸
799 3112 842 3146 K.
869 3111 904 3146 k.
932 3112 1056 3153 Hans,
1084 3111 1167 3145 Hof-
1194 3112 1266 3146 und
1292 3111 1550 3146 Staatsarchiv,

240 3168 252 3187 4
278 3166 321 3201 Κ.
348 3166 383 3201 k.
410 3165 822 3201 Statthalterei-Archiv.
