2113 3430
1065 770 1121 811 VI

269 866 655 926 DESCRIPTIO
695 862 975 922 CODIGUM
1013 860 1207 917 MANU
1245 854 1669 920 SCRIPTORUM,
1705 853 1778 910 IN
1815 851 1939 909 HOC

403 947 751 1005 VOLUMINE
787 940 1249 1011 FREQUENTIUS
1287 935 1753 996 ADHIBITORUM
1774 936 1804 991 ¹.

340 1065 516 1106 Praeter
548 1062 728 1113 codices,
767 1060 839 1115 qui
874 1057 992 1112 infra
1026 1054 1335 1107 describentur,
1378 1052 1498 1094 multi
1540 1051 1616 1092 cclii
1655 1050 1752 1091 lzuic
1790 1046 1991 1089 volumini·

221 1130 500 1186 componendo
532 1131 629 1169 sunt
662 1124 862 1177 adhibiti,
897 1124 968 1179 qui
1002 1125 1164 1164 exstant
1195 1119 1428 1171 Bruxellis,
1473 1117 1693 1170 Dilinyae,
1735 1113 1988 1163 Florentia&

222 1195 426 1250 Friburyi·
447 1194 741 1245 Helvetiorum,
766 1187 1077 1244 Gnelplierbgsti,
1101 1185 1366 1241 Inqolstadii,
1390 1182 1588 1234 Parisiis,
1612 1180 1794 1234 Proque,
1817 1178 1990 1225 Romae,

228 1261 390 1316 Tiyuri,
430 1259 635 1310 Tridenti,
669 1257 855 1298 Viennae
889 1259 956 1296 etc.
1011 1253 1095 1295 Sed
1130 1252 1230 1307 Quia
1262 1250 1306 1291 lii
1336 1262 1435 1291 raro
1467 1252 1630 1289 tantum
1664 1243 1846 1286 adhibiti
1878 1246 1989 1293 sunt,

223 1328 328 1369 satis
362 1340 446 1367 esse
477 1323 712 1375 studebatur,
745 1335 820 1363 Suo
843 1332 1041 1375 quemque
1063 1318 1146 1359 loco
1168 1317 1389 1358 nominare
1410 1314 1483 1367 vel,
1516 1315 1719 1367 quantuni
1752 1322 1854 1364 opus
1877 1311 1992 1359 esset,

226 1390 471 1434 describere.

345 1472 522 1515 Codices
563 1483 711 1513 omnes
756 1465 976 1510 charta-cei
1020 1467 1121 1507 sunt
1166 1466 1210 1506 et
1253 1460 1467 1515 (exceptis
1508 1457 1723 1501 codicibus
1763 1453 1994 1499 Societatis

225 1538 342 1591 Iesu)
375 1538 428 1580 ab
462 1535 638 1579 urbibus
671 1532 1024 1582 denominantur,
1065 1530 1109 1572 in
1142 1528 1295 1583 quibus
1336 1540 1448 1568 nunc
1481 1525 1775 1567 asservantur.
1837 1520 1887 1562 In
1919 1519 1995 1561 de-

226 1603 460 1658 scriptione
492 1601 760 1654 singulorum
793 1597 987 1640 codicum
1019 1595 1154 1637 verba
1185 1593 1336 1648 prima,
1371 1590 1506 1644 signis
1543 1591 1588 1640 ‚‚“
1625 1588 1805 1637 inclusa,
1838 1597 1995 1627 nomen

227 1669 320 1712 sive
352 1670 501 1710 notam
534 1667 654 1708 illam
686 1663 944 1718 significant,
987 1674 1097 1714 quae
1129 1660 1174 1701 in
1204 1659 1286 1701 hoc
1317 1657 1410 1712 ipso
1443 1653 1674 1704 volumine,
1708 1654 1808 1707 post
1839 1662 1996 1692 nomen

227 1735 454 1784 urbanum,
488 1731 623 1775 codici
656 1728 921 1784 designando
954 1726 1196 1769 adhibetur.

801 1850 844 1894 1.
888 1848 1045 1893 Codex
1076 1844 1416 1890 bruxellensis.

350 1939 400 1981 In
433 1937 609 1980 archivo
642 1935 776 1989 regio.

354 2026 488 2079 ‚,HiSt.
523 2023 625 2067 Coll.
657 2022 785 2065 LOV.“
824 2025 1036 2075 Inscriptio
1065 2036 1204 2062 recens
1224 2022 1264 2059 in
1284 2024 1416 2069 tergo:
1453 2015 1730 2065 „HISTORIA
1751 2011 2000 2053 COLLEGII

238 2092 240 2138 1
272 2089 578 2131 SOGIETATIS
608 2088 729 2126 IESU
762 2086 763 2094 ¹
797 2085 1023 2125 LOVANH
1047 2084 1049 2129 Ξ
1076 2080 1372 2121 1542—1695.“
1416 2077 1569 2115 Titulus
1599 2075 1783 2123 antiquus
1811 2072 1852 2110 in
1879 2072 1905 2110 f.
1935 2071 1999 2109 1³:

240 2150 443 2200 „Historia
464 2148 627 2197 Collegij
650 2146 860 2186 Societatis
882 2146 974 2183 IEsv
994 2142 1194 2191 Louanij.“
1229 2141 1251 2178 2
1267 2143 1301 2186 ⁰3
1324 2139 1362 2177 ff.
1384 2139 1460 2176 360
1482 2136 1659 2185 signata3
1680 2133 1721 2171 in
1740 2132 1869 2183 priore
1889 2132 2002 2181 parte

234 2211 325 2250 libri
355 2210 474 2248 etiam
504 2208 682 2257 singulae
711 2206 880 2256 paginae
909 2203 1081 2242 numeris
1112 2201 1291 2250 signatae
1321 2200 1424 2236 sunt.

356 2269 468 2307 Prior
497 2281 590 2318 pars
621 2265 847 2315 conscripta
877 2276 964 2301 esse
993 2262 1149 2300 videtur
1178 2263 1270 2298 ante
1289 2257 1456 2296 medium
1476 2254 1676 2293 saeculum
1695 2250 1820 2289 XVII.
1852 2249 2005 2286 Auctor

238 2331 300 2368 vc]
330 2332 512 2367 auctores
546 2325 769 2373 „veteribus
798 2321 1083 2362 monumentis“
1118 2318 1273 2367 collegii
1300 2314 1541 2355 lovaniensis
1578 2312 1639 2350 usi
1668 2313 1760 2349 sunt
1788 2309 1839 2359 (p.
1870 2310 1914 2354 33
1955 2307 2004 2346 cf.

237 2403 274 2440 p.
305 2389 365 2436 2);
405 2400 503 2437 quae
541 2396 830 2434 nonnumquam
869 2382 988 2420 etiam
1025 2380 1182 2428 integra
1218 2377 1505 2427 proponuntur3
1544 2385 1581 2411 v.
1610 2384 1646 2420 g.
1685 2383 1720 2420 p.
1753 2369 1812 2406 15.
1844 2367 1904 2405 16.
1944 2367 2003 2405 19.

241 2448 408 2487 79—84.
440 2446 596 2484 97—98
627 2448 699 2482 etc.

358 2522 515 2557 Dubium
550 2532 618 2554 11011
655 2521 730 2561 cst,
767 2517 850 2562 quin
886 2516 944 2550 hic
979 2514 1091 2550 codex
1125 2524 1240 2557 usquc
1275 2511 1319 2545 ad
1354 2521 1386 2544 a.
1414 2507 1504 2543 1773
1539 2504 1680 2549 collegii
1708 2502 1898 2538 Societatis
1922 2501 2007 2536 Iesu

239 2575 460 2612 lovaniensis
485 2573 606 2608 fuerit.

812 2652 855 2696 2.
899 2651 1090 2695 Codices
1124 2648 1430 2692 colonienses.

364 2745 406 2799 a)
438 2746 487 2787 In
510 2743 685 2787 archivo
709 2741 917 2785 ecclesiae
948 2737 1208 2795 parochialis
1236 2737 1401 2778 Beatae
1423 2731 1588 2775 Mariae
1610 2727 1802 2782 Virginis
1832 2726 1876 2768 in
1908 2737 2007 2766 cae-

244 2813 333 2854 lum
366 2813 615 2864 assumptae
648 2808 776 2863 (quac
816 2820 950 2860 usque
983 2805 1038 2847 ad
1070 2818 1108 2846 a.
1144 2804 1257 2845 1773
1291 2798 1460 2852 collegii
1492 2794 1721 2840 Societatis
1752 2792 1850 2834 Iesu
1891 2789 2007 2832 colo-

246 2875 408 2918 niensis
440 2875 552 2928 fuit).

368 2961 502 3014 „His‘u
522 2960 618 3003 coll.
638 2960 750 3001 (lolf‘
780 2963 955 3012 Antiqua
975 2960 1178 3010 inscriptio
1199 2958 1238 2996 in
1258 2961 1390 3006 tergo:
1416 2965 1583 3002 „ANNVAE
1599 2951 1603 2995 Ῐ
1621 2961 1761 2988 COLLEG
1780 2949 1781 2991 J
1801 2959 1919 2985 coron
1939 2947 1941 2967 '
1959 2947 2007 2984 ab

250 3028 352 3066 1543
378 3029 379 3037 ¹
405 3026 451 3063 ad
475 3026 588 3062 1675.
614 3052 615 3066 ,
639 3025 782 3061 Tomus
804 3024 860 3061 1.“
904 3021 1057 3059 Titulus
1078 3019 1117 3056 in
1136 3019 1162 3057 f.
1185 3019 1219 3056 2.
1246 3029 1323 3055 non
1353 3015 1528 3063 signato:
1563 3011 1608 3058 „†
1626 3009 1751 3047 mez
1771 3007 1818 3045 .1.
1843 3006 1845 3050 i
1868 3006 2009 3043 H1sTo—

373 3144 382 3164 ¹
408 3141 556 3185 Aliquot
582 3139 741 3180 codiees,
768 3149 916 3182 quorum
942 3136 977 3170 in
1003 3135 1070 3169 hoc
1096 3133 1276 3168 volumine
1302 3141 1408 3175 saepe
1434 3128 1475 3162 fit
1500 3125 1652 3167 mentio,
1679 3124 1757 3157 ideo
1781 3133 1852 3156 non
1878 3119 2009 3155 descri—

252 3197 384 3231 buntur
409 3195 476 3229 hoc
501 3194 590 3234 loco,
617 3192 700 3236 quia
726 3191 840 3225 editor
865 3201 925 3223 cos
952 3189 1027 3234 ipse
1054 3187 1176 3221 videre
1202 3197 1270 3219 non
1297 3183 1425 3229 potuit.
