2113 3430
789 214 844 249 29.
872 213 1092 259 Septembris
1121 213 1222 248 1550.
1802 215 1887 256 333

125 334 365 376 Germanus
407 334 451 374 et
492 331 714 385 professus
754 333 931 372 nostrae
974 329 1227 380 Societatis,
1271 342 1356 370 una
1398 342 1493 370 cum
1537 328 1694 371 comite
1727 342 1804 369 suo
1837 342 1888 370 ac

123 398 261 440 fratre
304 399 454 439 nostro
499 395 758 438 Charissimo
802 395 860 437 M.
903 395 1032 437 Petro
1076 393 1380 444 Schorichio1,
1430 394 1534 434 Cum
1578 393 1660 434 11110
1704 393 1887 447 primum

123 463 338 512 venisset,
384 464 477 504 tum
521 461 692 503 nomine
735 459 940 514 principis
985 460 1113 501 valde
1158 458 1504 508 commendatus,
1551 461 1643 500 tum
1687 458 1802 499 laete
1845 460 1889 498 et

123 527 369 569 humaniter
401 528 606 580 acceptus
639 527 706 567 est
737 525 791 566 ab
823 524 1072 566 Academia.
1126 524 1220 566 Nec
1253 523 1484 565 dubitarim
1518 522 1619 575 quin
1651 536 1728 576 per
1759 522 1888 563 hosce

125 594 375 646 promotura
416 591 472 634 sit
514 591 594 632 Dei
634 589 903 642 benignitas,
948 589 1060 642 quod
1101 589 1277 643 pulchre
1319 587 1481 642 coepit,
1525 601 1602 641 per
1643 586 1887 640 superiores

123 658 219 699 illos
251 657 405 699 Patres
447 655 518 709 qui
559 669 773 697 summum
813 654 879 695 sui
921 654 1202 704 desiderium,
1246 653 1552 705 doctrinaeque
1590 665 1694 693 suae
1726 651 1888 693 famam

123 722 344 775 ingentem
378 720 604 763 Germanis
636 719 915 772 reliquerunt,
952 721 996 760 et
1028 720 1260 761 multorum
1293 732 1399 772 erga
1431 731 1509 759 nos
1540 716 1887 759 benevolentiam

125 786 421 828 conciliarunt.
485 785 612 827 Multi
649 785 706 827 M.
739 784 917 826 Petrum
959 786 1191 837 expetunt,
1236 785 1557 838 expectantque
1598 781 1887 836 professorem

123 856 215 894 tum
240 851 285 893 in
308 851 488 893 Graecis
510 849 681 900 litteris,
715 852 808 892 tum
829 849 873 890 in
895 848 1220 902 Philosophicis.
1265 849 1357 898 Qua
1378 849 1422 890 in
1443 862 1504 898 re,
1539 847 1652 900 quod
1679 846 1886 901 optimum

124 917 170 959 P.
194 916 242 959 T.
267 916 495 966 videbitur,
530 915 795 969 sequendum
816 914 1078 968 putabimus.
1123 914 1328 963 Quamvis
1350 914 1617 968 repugnaret
1639 912 1889 953 obtulerunt

124 982 170 1024 P.
194 981 417 1036 Alphonso
440 981 660 1030 viaticum,
696 979 988 1022 adiunxerunt
1011 993 1145 1032 equos
1168 979 1431 1031 comitesque
1464 981 1644 1032 septem,
1678 979 1754 1018 aut
1776 977 1886 1024 octo,

124 1047 243 1088 Inter
260 1048 337 1088 hos
353 1045 499 1101 [erant
508 1044 540 1100 1
557 1045 815 1098 Magnificus
832 1044 1095 1086 Academiae
1112 1046 1256 1086 rector
1273 1044 1400 1085 simul
1418 1046 1462 1085 et
1479 1040 1844 1098 procancellarius
1856 1041 1885 1090 2,

124 1111 356 1165 multisque
385 1111 622 1153 miliaribus
656 1111 929 1152 deduxerunt
960 1109 1319 1164 proficiscentem,
1354 1110 1474 1150 Haec
1507 1107 1684 1151 tametsi
1706 1106 1886 1161 prolixe,

126 1191 210 1218 non
249 1179 397 1219 tamen
438 1176 649 1219 inutiliter
690 1178 738 1217 ut
779 1189 904 1229 spero
944 1176 1246 1223 recensentur,
1292 1177 1341 1216 ut
1373 1177 1523 1228 aperte
1565 1174 1757 1222 constet,
1804 1185 1887 1224 quo

124 1244 252 1295 pacto
285 1255 392 1294 erga
422 1243 594 1283 nostros
626 1241 837 1283 hactenus
871 1239 1073 1282 Germani
1106 1254 1151 1281 se
1184 1240 1424 1293 praebeant
1462 1242 1554 1281 tum
1587 1241 1635 1280 ut
1667 1237 1888 1290 singulare

125 1306 282 1349 Christi
308 1306 465 1348 donum
487 1306 568 1348 hoc
591 1320 738 1347 omnes
771 1305 1031 1358 intelligant,
1067 1305 1179 1358 quod
1202 1318 1315 1346 anno
1338 1318 1421 1346 uno
1453 1306 1624 1345 tantum
1648 1306 1692 1344 et
1722 1301 1888 1344 favoris

126 1374 170 1414 et
202 1371 361 1413 amoris
393 1371 451 1413 sit
481 1370 642 1413 nostris
674 1370 742 1412 hic
776 1372 1088 1424 comparatum,
1123 1372 1332 1423 quantum
1364 1383 1502 1422 neque
1525 1368 1727 1410 Coloniae
1749 1380 1888 1419 neque

125 1436 305 1478 Louanii
336 1436 558 1487 hactenus,
594 1436 706 1489 quod
739 1436 885 1486 sciam,
920 1435 1261 1489 impetravimus,
1295 1434 1388 1476 Nec
1421 1434 1568 1476 dubito
1592 1433 1693 1486 quin
1726 1432 1888 1486 primus

125 1502 286 1555 gradus
326 1502 406 1543 1100
446 1504 573 1555 pacto
615 1501 836 1543 iaciendus
876 1500 1009 1542 fuerit
1051 1515 1106 1542 ex
1147 1514 1230 1553 quo
1272 1499 1538 1554 pedetentim
1579 1499 1633 1540 ad
1675 1497 1887 1539 curandos

126 1567 291 1608 animos
323 1570 413 1609 tam
447 1567 559 1608 male
592 1567 793 1617 affectos,
831 1580 941 1620 pene
975 1566 1171 1607 dixeram
1202 1565 1537 1607 immedicabiles
1570 1562 1885 1618 perveniamus,

126 1631 218 1682 Qua
249 1632 293 1673 in
323 1646 370 1673 re
402 1646 522 1686 spem
555 1631 678 1673 nobis
699 1631 905 1673 maiorem
928 1631 1101 1685 prebuit
1133 1645 1229 1672 011111
1251 1630 1421 1672 viveret
1444 1629 1658 1672 Bavariae
1680 1627 1886 1681 Princeps

127 1696 414 1748 Guilhelmus,
458 1697 529 1751 qui
561 1698 616 1739 ad
649 1697 879 1750 collegium
911 1696 1071 1739 nostris
1104 1696 1392 1738 extruendum
1426 1695 1615 1737 animum
1652 1693 1885 1735 adiecerat.

126 1762 252 1804 Nunc
284 1776 387 1804 vero
429 1776 549 1817 spem
591 1762 772 1804 eandem
812 1762 970 1804 iterum
1013 1762 1239 1803 confirmat
1281 1764 1498 1814 augetque
1532 1759 1671 1812 magis
1712 1758 1756 1799 in
1797 1757 1887 1798 dies

125 1841 348 1869 successor
378 1828 504 1870 filius.
548 1827 663 1869 Nam
694 1828 730 1869 is
762 1827 958 1882 proxime
991 1827 1104 1869 datis
1127 1826 1265 1868 literis
1288 1827 1343 1868 ad
1366 1826 1487 1868 Pont.
1513 1825 1661 1867 Max.3
1693 1823 1886 1876 singulos

127 1906 149 1933 e
181 1892 304 1934 nobis
336 1893 463 1934 valde
496 1892 814 1935 commendavit
846 1895 894 1935 ut
916 1892 1108 1934 nesciam
1131 1892 1231 1945 quid
1253 1890 1603 1933 honorificentius
1626 1891 1702 1931 aut
1727 1887 1887 1929 sentire

127 1960 203 1999 aut
246 1957 471 1999 testificari
515 1958 717 2012 potuerit.
790 1957 909 1999 Idem
952 1957 1062 1999 mira
1107 1957 1340 2000 sedulitate
1383 1955 1624 2004 contendit,
1671 1956 1719 1996 ut
1762 1966 1887 1994 nemo

128 2022 299 2074 quidem
331 2026 527 2065 nostrum
559 2023 657 2065 111110
690 2026 821 2076 queat
853 2022 1039 2073 evocari,
1074 2023 1188 2076 quod
1220 2022 1321 2064 alibi
1353 2022 1557 2070 locorum,
1596 2019 1758 2061 maiore
1791 2031 1884 2059 cum

127 2088 284 2138 fructu,
307 2091 356 2130 ut
373 2088 534 2138 scribit,
558 2089 763 2142 prodesse
780 2102 866 2129 non
882 2087 1095 2142 possimus
1112 2087 1195 2130 toti
1217 2087 1309 2129 fere
1329 2085 1584 2129 Germaniae
1594 2082 1622 2135 ¹³,
1646 2085 1885 2132 Postremo,

128 2152 383 2194 meditatum
416 2153 575 2206 inquit,
619 2167 644 2195 a
676 2153 864 2196 Parente
897 2167 991 2195 meo
1025 2152 1333 2205 Theologicum
1366 2151 1556 2205 ejusdem
1590 2148 1761 2192 Ordinis
1792 2148 1889 2189 Col-

128 2217 289 2270 legium
322 2217 495 2260 iamiam
529 2218 584 2260 ad
617 2219 818 2260 effectum
851 2218 1006 2260 ducere
1039 2218 1259 2260 accinctus
1301 2232 1406 2259 sum.
1472 2215 1540 2257 Sic
1571 2215 1644 2256 ille
1676 2214 1731 2255 ad
1763 2213 1886 2255 Pont.

129 2282 245 2325 Max,
309 2283 367 2326 Et
407 2284 588 2325 eandem
629 2283 891 2326 sententiam
932 2284 986 2325 ab
1020 2282 1281 2325 Academiae
1317 2280 1645 2324 (311111011111130104
1687 2278 1747 2320 sic
1788 2291 1887 2320 con-

128 2350 344 2390 firmatam
385 2348 615 2399 habemus,
657 2351 706 2391 ut
738 2348 906 2391 Christo
942 2348 1070 2398 duce,
1116 2362 1244 2401 quam
1276 2347 1459 2401 primum
1501 2346 1629 2386 finem
1668 2343 1889 2385 habebunt

129 2411 388 2465 Augustana
420 2413 615 2464 Comitia,
648 2413 774 2468 primi
806 2413 849 2455 in
884 2413 1136 2455 Germaniac
1169 2412 1339 2466 collegii
1372 2411 1675 2459 fundamenta,
1711 2407 1779 2450 hic
1810 2421 1888 2461 pu-

129 2479 269 2519 temus
302 2477 472 2519 omnino
504 2478 713 2520 iacienda.
778 2478 864 2520 Vix
897 2478 1013 2520 credi
1045 2491 1172 2532 posse
1214 2477 1430 2531 suspicor,
1475 2477 1681 2528 quantum
1715 2471 1889 2527 presidii

131 2556 185 2583 ex
217 2556 268 2583 ea
299 2556 346 2584 re
378 2546 637 2597 perceptura
669 2543 726 2586 sit
751 2543 995 2593 Germania,
1030 2557 1112 2596 que
1145 2557 1256 2584 nunc
1288 2541 1475 2594 undique
1508 2538 1721 2592 corruptis
1754 2536 1889 2579 homi-

250 2691 263 2703 ³¹
287 2686 379 2717 Aut:
405 2686 492 2718 erat.
543 2685 628 2718 Vide
654 2687 766 2728 infra,
794 2686 912 2718 adnot.
940 2688 972 2719 2.
1119 2684 1132 2703 ¹)
1157 2683 1346 2719 Germania
1375 2683 1519 2725 mempl.
1546 2683 1681 2724 nunqu.

250 2743 260 2755 “’
287 2737 466 2772 Germana
492 2740 634 2781 crempl.
663 2740 799 2782 (mtiqzr.

258 2879 263 2897 ¹
291 2877 343 2911 De
370 2877 541 2911 Goudano
567 2877 649 2911 vidc
675 2888 784 2922 supra
809 2889 842 2922 p.
869 2876 979 2917 213⁵;
1007 2877 1049 2911 de
1076 2876 1281 2910 Schoriehio
1307 2885 1415 2919 supra
1442 2885 1473 2918 p.
1502 2872 1580 2906 248.
1609 2872 1674 2905 277
1686 2873 1709 2905 ⁷.

252 2931 266 2951 ²
290 2930 421 2965 Rector
447 2932 532 2964 tunc
558 2933 635 2964 erat
662 2930 832 2965 Erasmus
858 2930 976 2971 Wolf,
1004 2929 1305 2975 procancellarius
1333 2927 1526 2961 Baltliasar
1552 2925 1801 2965 Fanncmann3
1828 2924 1891 2958 sed

134 2984 297 3025 fortasse,
323 2983 390 3017 hoc
410 2982 628 3027 ingolstadio
655 2983 723 3017 iam
750 2983 921 3028 profecto,
948 2982 1216 3028 prowmellarii
1245 2992 1373 3014 munus
1400 2980 1442 3013 ad
1469 2982 1612 3023 tempus
1638 2990 1657 3013 a
1676 2980 1814 3012 rectore
1833 2978 1891 3011 ad-

134 3036 414 3071 ministrabatur.
466 3036 519 3070 Cf.
547 3037 708 3070 BIederer
733 3035 756 3070 1.
784 3048 812 3070 0.
842 3036 866 3077 I,
893 3036 972 3070 214.
1001 3036 1078 3069 219.

254 3090 267 3109 ³
291 3089 344 3124 De
378 3089 434 3124 his
460 3089 600 3123 Alberti
627 3089 668 3123 V.
695 3088 826 3123 litteris
852 3089 1040 3123 Monachio
1068 3091 1098 3122 ἓ).
1127 3087 1205 3121 [ulii
1236 3086 1326 3121 1550
1361 3085 1403 3119 ad
1432 3085 1558 3119 1111111111
1589 3084 1648 3118 111.
1687 3083 1781 3117 datis
1811 3082 1891 3116 vide

134 3141 238 3184 infra,
264 3154 418 3177 monum.
445 3142 500 3176 47.

254 3197 266 3215 ⁴
302 3195 446 3239 Jeorgio
473 3195 763 3237 Stockhainmer3
790 3195 872 3229 vide
898 3206 1005 3239 supra
1033 3206 1064 3237 p.
1093 3194 1160 3227 322
1177 3194 1195 3226 ¹.
