2113 3430
200 188 282 229 736
381 185 536 218 Monum.
567 181 807 227 (viennensia)
838 181 893 217 88.
924 182 972 226 (A
998 193 1121 217 mense
1147 182 1262 227 Aprili
1287 195 1402 228 usque
1428 184 1471 218 ad
1499 184 1628 219 Iulium
1657 184 1774 228 1554.)

284 300 533 341 [Quaestiones
560 298 742 339 regre'me'nis
768 297 977 339 austriaci]
1333 299 1536 342 [Responsa
1561 301 1731 344 Politae]

271 368 371 403 Circa
407 367 620 411 dignitatem
647 369 765 401 status
800 367 999 411 coniugalis
1025 370 1061 403 et
1168 368 1257 402 Mihi
1276 370 1312 403 et
1328 370 1479 404 naturae
1497 381 1598 405 meae
1617 373 1736 406 status
1760 371 1962 415 coniugalis

198 421 386 465 uirginalis
422 420 578 466 explicet
604 422 723 455 utrum
750 420 874 455 credat
900 423 1060 466 prestan-
1098 419 1228 465 [magis
1254 422 1482 466 0011110111”1,,]Ᾰι
1515 423 1546 457 31
1572 423 1652 468 quis
1682 424 1913 469 peculiariter
1940 435 1961 458 a

198 476 325 509 tiorem
352 485 441 509 esse.
1097 473 1171 508 Deo
1197 474 1362 519 priuatus
1384 478 1440 509 est
1465 475 1610 511 stimulo
1631 477 1776 512 carnisb
1798 477 1843 512 ad
1860 477 1961 512 uerbi

1097 526 1239 561 Domini
1257 528 1582 573 promulgationem
1599 529 1704 574 longe
1721 530 1962 576 praestantior

1097 582 1153 614 est
1178 581 1381 625 uirginitas,

268 657 325 690 An
359 657 493 691 sentiat
530 658 627 691 recte
668 656 788 691 facere
826 657 1062 700 magistratus
1169 656 1318 698 Nescio,
1349 657 1586 701 magistratus
1612 658 1756 694 interim
1781 671 1886 695 suum
1912 659 1961 694 of-

197 709 376 745 hereticos
403 710 580 754 puniendo
610 709 854 755 corporalibus
880 710 1013 755 poenis.
1098 709 1219 744 ficium
1244 710 1363 752 nouit,
1394 711 1562 756 puniendi
1590 714 1687 747 certe
1712 715 1796 748 sunt,
1822 713 1882 757 qui
1908 724 1960 747 se-

1099 762 1228 797 ditiosi.

510 839 562 873 De
590 839 752 873 ecclesia.

271 911 457 946 Postremo
493 915 560 944 1111ο
594 909 730 944 sentiat
765 910 858 944 idem
893 909 1063 944 iudicium
1171 910 1249 944 Non
1276 911 1403 945 sentio.

202 976 281 1000 esse
308 965 351 999 (le
378 964 531 999 ecclesia
557 963 753 998 uniuersali
780 966 816 997 et
842 963 1083 1008 particularj.'

317 1046 467 1088 [Poliles
493 1045 577 1078 hacc
602 1045 827 1088 subinngyitff
853 1044 952 1079 Haec
979 1044 1087 1079 habui
1114 1045 1297 1089 Maguifici
1324 1047 1433 1089 atque
1460 1045 1684 1090 Amplissimi
1710 1046 1775 1080 uiri
1804 1058 1895 1091 quae
1921 1048 1966 1082 ad

199 1099 406 1134 mandatum
442 1097 715 1132 sacratissimae
749 1097 884 1141 Regiae
909 1098 1113 1132 Maiestatis
1147 1110 1255 1144 super
1291 1099 1588 1144 praecedentibus
1623 1098 1785 1134 articulis
1822 1112 1966 1146 respon-

199 1154 330 1192 derem,
357 1151 662 1186 confirmationem
689 1163 809 1185 eorum
837 1162 928 1195 quae
962 1152 1159 1197 respondeo
1195 1152 1279 1196 quia
1313 1152 1444 1186 addere
1469 1164 1539 1186 non
1573 1152 1695 1194 licuit,
1734 1153 1896 1198 relinquo
1931 1154 1968 1188 in

200 1219 240 1241 eo
266 1205 400 1251 scripto
427 1205 519 1249 quod
547 1216 591 1239 ex
617 1204 807 1250 scripturis
834 1205 1011 1239 contexui.
1065 1205 1280 1240 Commendo
1315 1217 1371 1239 me
1398 1217 1478 1240 cum
1505 1206 1599 1240 omni
1625 1207 1828 1241 reuerentia
1854 1207 1967 1251 Magi-

199 1262 336 1294 stratus
361 1259 431 1293 mei
457 1258 621 1292 omnibus
648 1260 683 1292 et
709 1257 862 1301 singulis
888 1258 1094 1303 supplicans
1129 1259 1314 1293 humilime
1339 1261 1381 1293 ut
1414 1259 1577 1304 preciosa
1601 1259 1650 1294 sit
1682 1259 1801 1294 anima
1826 1272 1906 1295 mea
1931 1261 1967 1295 in

200 1314 393 1358 conspectu
420 1314 552 1346 uestro.
603 1311 703 1353 Quod
730 1311 845 1345 adhuc
872 1312 1061 1356 scripturis
1088 1311 1148 1346 etd
1181 1312 1225 1357 ijs
1251 1313 1337 1347 solis
1364 1312 1546 1347 inheream
1573 1313 1711 1347 faciunt
1744 1313 1968 1348 tumultuosa

198 1369 361 1411 tempora
387 1366 517 1410 quibus
542 1367 649 1399 natus
675 1376 764 1399 sum.
817 1364 906 1399 Cum
932 1366 1024 1399 enim
1060 1366 1218 1400 uiderem
1253 1368 1307 1400 tot
1341 1368 1521 1400 sectarum
1557 1366 1809 1401 diuersitatese
1842 1367 1967 1413 putaui

200 1431 377 1464 nusquam
402 1418 517 1453 tutius
542 1430 599 1452 nie
626 1430 730 1463 posse
756 1418 982 1462 requiescere
997 1419 1013 1452 f.

320 1472 451 1507 Sacrae
476 1472 716 1506 Romanorum
742 1472 862 1515 Hung:
889 1472 975 1506 Boh:
1003 1474 1070 1506 etc.
1106 1472 1217 1516 Regie
1243 1473 1447 1507 Maiestatis
1473 1473 1508 1507 in
1536 1473 1681 1507 Austria
1716 1473 1874 1508 inferiori
1900 1474 1966 1508 Re-

200 1528 327 1571 gentes
353 1525 622 1570 uigilantissimi
649 1525 716 1559 uiri
742 1527 778 1559 et
803 1525 945 1570 Dominj
973 1525 1158 1569 Magnifici
1183 1528 1291 1570 atque
1317 1526 1552 1571 Amplissiini.

319 1579 375 1613 Ex
399 1591 524 1613 sacrae
551 1579 686 1622 Regiae
721 1579 922 1613 maiestatis
956 1579 1125 1613 mandato
1160 1579 1342 1613 iusserunt
1376 1582 1520 1614 vestrae
1550 1580 1765 1623 Magnificae
1791 1580 1967 1626 Amplitu-

201 1633 302 1667 dines
327 1635 368 1667 ut
387 1633 430 1667 ad
450 1632 621 1666 articulos
646 1634 827 1677 postremo
846 1632 933 1666 mihi
959 1632 1121 1667 01113103ἕ
1143 1632 1395 1677 responderem
1419 1645 1489 1667 non
1515 1645 1578 1678 per
1603 1633 1862 1678 scripturarum
1888 1645 1968 1668 con-

199 1689 343 1722 textum
378 1686 440 1721 sed
475 1685 687 1731 simpliciter
721 1697 785 1730 per
810 1686 899 1719 haec
926 1685 1045 1720 uerba.
1099 1685 1230 1727 Credo,
1266 1697 1337 1720 non
1364 1686 1488 1728 credo,
1523 1699 1594 1720 non
1620 1686 1800 1731 intelligo,
1833 1686 1967 1721 dubito.

200 1741 269 1774 feci
296 1740 331 1774 id
358 1742 535 1784 quatenus
572 1739 805 1774 articulorum
830 1738 931 1773 uarie
966 1750 1073 1784 saepe
1108 1739 1357 1774 intricatorum
1391 1742 1517 1774 natura
1550 1751 1657 1785 passa
1684 1742 1748 1774 est.
1801 1740 1968 1786 Supplico

202 1793 361 1828 vestrish
382 1793 586 1836 Magnificis
607 1792 914 1838 Amplitudinibus
940 1795 980 1826 ut
1006 1792 1198 1836 dignentur
1223 1792 1306 1827 hoci
1336 1805 1399 1838 pro
1426 1793 1620 1838 sufficientj
1647 1793 1848 1827 obedientia
1874 1794 1969 1838 quod

203 1859 247 1882 ex
274 1847 391 1881 animo
417 1849 601 1891 praestare
627 1846 805 1880 admissus
831 1857 911 1880 sum
937 1846 1129 1891 suscipere.
1171 1846 1345 1881 Dominus
1370 1846 1468 1881 Deus
1494 1846 1541 1881 sit
1567 1847 1729 1881 omnibus
1756 1848 1791 1881 et
1817 1847 1970 1891 singulis

201 1900 342 1935 adiutor
368 1902 403 1934 et
432 1902 544 1945 pater.

1072 1970 1102 2004 2.

323 2054 460 2086 Relatio
486 2054 527 2086 ‹Ie
553 2054 812 2096 conyresse'one,
849 2064 957 2096 qnam
987 2053 1153 2086 Canisz'ns
1179 2054 1312 2096 (aliique
1340 2054 1581 2086 mzicersz'tatis
1608 2054 1803 2086 viennensis
1827 2054 1965 2096 profes-

203 2118 298 2140 sores
324 2111 469 2140 creante
495 2107 601 2139 Iunio
627 2117 660 2139 a.
691 2108 780 2139 1554,ι
807 2117 882 2138 cum
910 2106 1021 2139 Polite
1048 2108 1085 2139 in
1112 2117 1253 2140 carcere.
1280 2107 1414 2140 incluso
1440 2107 1650 2139 habuerunt.

322 2187 522 2222 Reuerendi
547 2187 708 2221 illustres
726 2186 909 2230 Magnifici
935 2189 1043 2231 atque
1063 2186 1261 2221 Clarissimi
1286 2187 1427 2221 Domini
1446 2186 1575 2221 Sacrae
1602 2185 1736 2230 Regiae
1762 2185 1965 2220 Maiestatis

205 2240 398 2286 consiliarij
430 2240 660 2285 amplissimi,
696 2240 738 2274 de
765 2240 912 2274 consilio
939 2240 1138 2284 Regiminis
1165 2240 1346 2274 Austriaci
1372 2239 1513 2274 Domini
1541 2239 1828 2274 Clementissimi.
1880 2238 1967 2272 Con-

204 2297 381 2330 uenerunt
405 2293 508 2328 heri¹
544 2294 639 2328 sicut
672 2293 903 2328 iniunxerunt
930 2293 977 2327 M.
1006 2293 1048 2328 V.
1065 2293 1078 2313 ²
1113 2295 1149 2327 et
1184 2305 1329 2328 causam
1355 2294 1403 2328 M.
1429 2293 1567 2327 Nicolai
1593 2293 1731 2327 Politae
1766 2292 1906 2337 plenius
1933 2294 1969 2326 et

205 2350 247 2383 de
274 2360 364 2382 nouo
390 2349 591 2382 tractarunt
617 2346 817 2380 Reuerendi
843 2346 884 2381 D.
911 2346 1084 2381 Doctores
1109 2359 1180 2381 una
1216 2359 1297 2381 011111
1324 2347 1460 2381 duobus
1487 2347 1529 2381 de
1554 2346 1728 2380 facultate
1754 2345 1884 2380 artium
1911 2345 1968 2379 de-

205 2402 341 2447 putatis
353 2402 375 2442 3,
403 2400 462 2445 quj
490 2412 612 2434 omnes
639 2402 791 2444 quatuor
815 2403 855 2434 ut
881 2400 1062 2444 sequitur:
1090 2400 1178 2434 Cum
1197 2400 1240 2434 ad
1260 2400 1412 2434 politam
1438 2399 1592 2444 ingressi
1616 2400 1746 2439 essent,
1773 2399 1969 2433 secundum

206 2456 357 2490 formam
392 2454 460 2488 sibi
495 2454 755 2498 praescriptam
791 2454 974 2496 negotium
1010 2454 1232 2488 inchoarunt.
1284 2453 1330 2488 Et
1365 2453 1478 2499 primo
1510 2452 1742 2487 Reuerendus
1767 2451 1808 2486 D.
1836 2451 1969 2486 Doctor

206 2509 337 2543 Petrus
356 2507 521 2542 Canisius
547 2507 772 2552 interponere
799 2507 894 2552 cepit
919 2507 1215 2548 adhortationem,
1242 2509 1281 2541 ut
1300 2506 1543 2541 consideraret
1562 2506 1704 2546 Polites,
1731 2507 1771 2539 ut
1789 2504 1836 2549 [5³]
1861 2515 1968 2548 quam

207 2562 262 2607 pie
289 2573 330 2595 ac
357 2560 480 2595 sedulo
507 2560 766 2594 admonendum
793 2562 936 2594 curaret
955 2560 1067 2604 Regia
1085 2560 1259 2595 Maiestas
1284 2572 1347 2605 per
1373 2559 1555 2594 excelsum
1576 2559 1746 2602 regimen,
1773 2557 1968 2602 quantique

326 2684 338 2698 ²¹
367 2681 438 2713 Hoc
467 2680 514 2712 rel
539 2680 652 2712 simile
676 2679 909 2722 supplendmn
935 2689 1014 2721 esse,
1041 2689 1092 2720 ea,
1119 2688 1209 2721 quae
1233 2682 1440 2721 sequuntur,
1462 2678 1697 2720 patefaciunt.

327 2732 340 2750 ¹¹
363 2732 518 2766 carceris
545 2733 623 2765 libr,
653 2744 718 2765 rec.
863 2736 874 2751 ⁰
899 2733 962 2765 aut
988 2731 1067 2764 libr.
1095 2742 1162 2764 rec.
1306 2729 1320 2749 ‘³
1344 2732 1384 2764 ut
1410 2731 1490 2764 libr.
1518 2742 1584 2764 rev.

326 2790 338 2805 e
365 2785 586 2819 diuersitatis
613 2785 692 2818 libr.
721 2796 786 2818 rev.
932 2783 942 2802 Γ
968 2783 1199 2827 exquiescere
1226 2784 1306 2816 libr.
1335 2795 1400 2817 rec.

328 2844 338 2857 ²
363 2838 481 2872 oblato
507 2850 564 2882 (cp.
591 2843 662 2871 ant.
808 2836 821 2855 ¹¹
844 2837 931 2871 uiris
957 2848 1013 2880 (tp.
1042 2842 1113 2870 ant.
1259 2835 1264 2855 ἰ
1294 2835 1383 2870 haec
1411 2837 1489 2870 libr.
1518 2848 1584 2870 ree.

331 2955 340 2975 ¹
367 2955 421 2989 26.
443 2954 532 2988 Iunii
558 2954 767 2989 convenisse
794 2954 969 2988 videntur.
1008 2953 1099 2988 Nam
1126 2953 1161 2986 111
1188 2953 1279 2987 actis
1304 2952 1410 2997 paulo
1436 2954 1519 2986 ante
1537 2952 1603 2986 has
1628 2951 1769 2986 litteras
1793 2950 1967 2995 scriptum

210 3010 283 3040 est:
327 3007 540 3047 ι,Ριό003303
578 3019 722 3042 causam
762 3007 900 3041 Politae
937 3006 1133 3040 continens.
1194 3006 1379 3040 Postrema
1418 3004 1610 3039 admonitio
1647 3006 1687 3038 ut
1729 3005 1965 3037 conuerte-rer.

210 3059 264 3092 2⁴3.
293 3060 382 3104 Iunij
411 3061 511 3095 54¹&
566 3060 663 3102 Quae
689 3060 733 3094 ad
759 3060 856 3105 ipsas
881 3060 947 3094 has
972 3060 1131 3100 litteras,
1166 3059 1252 3093 licet
1277 3059 1313 3092 in
1339 3058 1429 3093 actis
1464 3058 1638 3102 quaedam
1673 3055 1859 3091 interiecta
1884 3056 1966 3098 sint,

210 3112 386 3155 pertinere
415 3113 588 3147 videntur.
733 3113 746 3134 ²
773 3113 1061 3157 Magnificentiae
1090 3113 1251 3146 Vestrae.

332 3165 343 3183 ³
369 3165 529 3199 Andreas
555 3166 689 3200 Dadius
715 3168 751 3200 et
777 3166 952 3209 Georgius
979 3165 1160 3199 Muschler
1186 3165 1453 3209 significantur;
1480 3175 1514 3197 v.
1541 3163 1633 3196 infra
1658 3174 1690 3207 p.
1720 3161 1797 3196 737.
1826 3161 1903 3196 738.
