2113 3430
157 199 314 234 Monum.
345 196 468 241 (mog.)
500 197 613 231 1.—2.
643 196 773 241 (Aprili
796 195 914 239 1543.)
943 195 975 230 3.
1005 194 1182 240 (Append.
1208 206 1362 229 monum.
1389 205 1483 238 mog.
1504 193 1763 238 1540—1555.)
1810 196 1893 236 653

135 315 454 358 Gueldriensem
466 316 493 366 ²,
527 314 599 369 qui
627 313 894 354 eoeeroebatzcr
905 313 1036 367 juoeta
1058 313 1226 353 modum
1248 312 1559 354 Exere-iliorum
1581 309 1846 353 nostrorumst
1864 312 1893 365 1,

135 381 320 422 rationes
351 379 561 433 quasdam-
593 379 704 419 clare
735 379 979 432 coynovisse,
1013 376 1162 432 qulbus
1195 379 1399 419 contrarii
1434 378 1493 419 llll
1525 378 1701 431 spiritus
1733 378 1896 418 animos

134 445 349 486 hominum
381 444 598 497 aqitantes,
633 443 763 484 bonus
796 447 831 483 el
864 443 1011 495 malus,
1047 443 1232 483 discerni
1259 447 1438 497 possent.
1501 441 1581 494 „In
1614 440 1891 496 quibusdawffl

135 514 286 561 autem,
322 509 478 563 inquit,
513 508 634 560 „ideo
666 521 749 549 non
783 508 1023 561 aquoscitm·
1053 507 1229 562 spiritus
1261 508 1420 560 malus,
1456 512 1491 548 et
1521 508 1700 548 ncaoeime
1732 507 1777 547 in
1804 507 1894 561 plis

136 578 171 615 et
203 574 279 614 diu
317 574 492 614 versatis
526 573 569 613 in
603 573 812 613 devotione
853 576 888 613 et
931 576 1048 612 extra
1073 576 1268 626 peccata,
1310 573 1411 626 qula
1452 585 1535 612 non
1578 570 1758 612 habeant
1790 572 1894 625 σοφί-

134 639 309 680 tationes
343 642 461 679 extra
493 638 641 678 lineales
673 637 859 678 veritatis
893 641 928 677 et
960 635 1176 690 bonitatis,
1212 651 1342 690 neque
1374 635 1546 689 affectus
1579 635 1799 688 manifeste
1833 637 1894 677 in-

134 700 392 745 ordinatosf‘
457 702 536 755 At,
578 700 878 757 quantumlibet
913 700 958 742 hi
991 701 1154 752 „saneti
1195 699 1321 753 slnff‘,
1366 699 1434 742 abl·
1476 701 1526 742 cle
1568 701 1714 741 altiore
1755 701 1894 754 aliquo

135 768 392 809 christianae
426 768 531 808 vitae
558 767 700 821 qradzl
734 766 984 821 capessendo
1009 765 1240 806 deliberare
1268 766 1485 820 coeperint,
1515 764 1643 818 facile
1679 769 1895 819 utrumque

134 834 328 888 spiritum
365 833 407 872 in
443 832 494 872 lis
527 845 746 886 apparere.

253 917 361 952 Fabri
385 918 475 952 haec
501 917 690 952 scribentis
715 916 832 951 animo
851 916 1032 951 Canisium
1059 916 1287 951 obversatum
1311 928 1389 951 esse
1408 917 1450 951 de
1468 917 1566 951 vitae
1591 919 1690 951 statu
1708 916 1896 960 deligendo

134 971 367 1006 meditantem
393 970 499 1005 facile
525 971 636 1015 patet.

987 1053 1042 1094 3.

515 1144 737 1205 Appendix
767 1144 1131 1190 monumentorum
1160 1142 1517 1203 moguntinorum.

900 1229 1128 1265 1540—1555.

257 1317 311 1350 De
344 1318 430 1350 votis
464 1327 486 1348 a
515 1315 659 1349 Canlsio
692 1315 800 1357 factis
838 1313 1004 1347 Coloniae
1038 1324 1070 1346 a.
1101 1314 1211 1355 1540,
1246 1312 1451 1354 Moynntiae
1489 1314 1598 1355 1543,
1633 1312 1766 1345 Romae
1794 1315 1895 1357 1549,

142 1370 294 1402 Viennae
321 1372 422 1403 1555.
473 1370 532 1402 An
558 1370 598 1401 in
624 1369 794 1402 Socr'etate
819 1368 899 1400 Iesu
933 1371 1034 1410 „vota
1069 1364 1282 1398 clevotz'onls“
1318 1369 1348 1397 et
1375 1370 1474 1408 „vota
1508 1366 1684 1408 simplicia
1718 1366 1896 1399 scholasti-

138 1421 282 1455 coru-m“
308 1423 440 1464 fecerit.
495 1421 643 1463 Quando
669 1425 699 1454 et
724 1421 895 1464 quomodo
917 1420 1172 1463 professionem
1197 1419 1394 1452 sollemnem
1420 1419 1582 1451 emiserit.

258 1497 423 1532 Canisius
449 1497 504 1530 25.
531 1495 715 1530 Februarii
742 1495 832 1529 1540
860 1494 1026 1529 Coloniae
1052 1494 1251 1538 perfectam
1284 1495 1565 1538 perpetuamque
1590 1493 1665 1528 Deo
1691 1494 1896 1529 castitatem

140 1550 241 1585 vovit
255 1550 278 1585 ².
330 1549 361 1584 8.
387 1549 475 1584 Μ311
503 1549 592 1583 1543
618 1549 713 1583 votis
738 1548 947 1591 Moguntiae
973 1547 1081 1582 factis
1107 1546 1278 1581 Societati
1302 1546 1384 1580 Iesu
1410 1558 1448 1581 se
1475 1547 1640 1581 addixit³
1666 1547 1897 1592 eiusdemque

137 1603 340 1638 tirocinium
367 1603 553 1646 ingressus
579 1604 635 1636 est
647 1603 671 1636 ⁴.
722 1600 818 1643 Quae
845 1601 988 1646 quidem
1015 1602 1099 1635 vota
1125 1612 1206 1634 cum
1232 1600 1287 1641 iis,
1314 1612 1405 1644 quae
1431 1612 1525 1634 nunc
1549 1600 1586 1634 in
1612 1600 1790 1635 Societate
1815 1602 1898 1636 Iesu

137 1657 239 1699 fiunt,
261 1656 376 1699 „votis
395 1655 613 1690 devotionis“
629 1656 642 1675 ⁵
660 1657 696 1689 et
717 1655 831 1697 „votis
848 1654 1071 1700 simplicibus
1089 1653 1404 1688 scholasticorun1“
1421 1653 1434 1673 ⁶
1451 1653 1721 1688 similitudinem
1739 1654 1897 1699 aliquam

138 1710 282 1744 habent.
338 1709 430 1743 Eum
473 1711 594 1743 autem
628 1709 764 1743 duobus
799 1708 902 1742 annis
936 1710 1018 1753 post
1050 1707 1253 1751 ingressum
1288 1706 1347 1740 vel
1381 1705 1451 1740 alio
1482 1718 1703 1751 quocumque
1738 1709 1898 1752 tempore

139 1764 218 1808 ipsa
243 1763 305 1797 1113
330 1762 627 1797 scholasticorum
653 1764 737 1796 vota
762 1761 939 1803 fecisse7‚
975 1772 1065 1805 quae
1091 1772 1185 1794 nunc
1210 1760 1351 1794 biennio
1382 1759 1600 1804 probationis
1627 1760 1770 1806 expleto
1795 1761 1897 1803 fiunt,

139 1818 386 1860 voventesque
412 1815 635 1849 constituunt
659 1826 765 1849 veros
790 1814 996 1858 religiosos,
1028 1825 1174 1859 prorsus
1201 1816 1364 1847 constare
1390 1824 1459 1847 11011
1484 1813 1628 1847 videtur
1642 1814 1664 1848 8.
1714 1814 1806 1848 Nam
1833 1814 1898 1849 Ca-

259 1943 272 1957 3
294 1938 423 1972 Petrus
448 1936 668 1979 Qualriensis
685 1938 796 1972 Riess.
830 1938 1042 1980 Exemplmn
1060 1937 1292 1979 Memorz'alis,
1319 1937 1412 1979 quod
1430 1947 1462 1969 α.
1483 1938 1574 1969 1858
1599 1936 1757 1970 Vallibus
1774 1938 1900 1970 Anicii

141 2003 184 2025 ex
202 1992 306 2035 prelo
332 1991 587 2034 ‹uctoyraphiw
610 1991 746 2034 prodiit
756 2003 767 2024 .·
797 1989 944 2024 Petrum
970 1988 1255 2030 Qualeriensem3
1290 1990 1349 2022 sed
1374 1990 1544 2022 eiusmodi
1569 1989 1679 2022 locum
1704 1991 1899 2034 yeoyraphi

143 2055 213 2078 non
240 2049 381 2077 norunt.
427 2044 547 2077 Romu:
574 2045 607 2077 in
638 2048 786 2087 utraque
811 2044 1032 2077 Memorialis
1058 2044 1207 2076 editione
1233 2043 1368 2075 latina:
1393 2041 1674 2076 Gueldriensem.

140 2166 193 2200 Ea
219 2168 350 2206 31116111,
377 2177 468 2209 quae
494 2164 576 2199 huic
602 2164 793 2209 praecedit,
819 2176 840 2198 a
862 2164 977 2198 Fabro
1004 2175 1096 2198 anno
1126 2163 1214 2197 1543
1244 2163 1298 2205 „in
1326 2163 1380 2196 (116
1407 2164 1611 2197 sanctorum
1637 2166 1836 2208 martyrum
1863 2168 1899 2199 et

140 2219 347 2264 pontificum
374 2218 466 2252 Cleti
493 2220 528 2252 et
552 2217 772 2252 Marcellini“
811 2217 909 2252 facta
945 2219 1018 2258 est,
1053 2217 1115 2261 qui
1141 2219 1196 2250 est
1221 2216 1276 2250 26.
1303 2216 1456 2260 Aprilis;
1493 2228 1584 2260 quae
1620 2228 1704 2250 vero
1738 2219 1898 2251 nostram

139 2271 313 2317 sequitur,
340 2272 383 2306 ab
402 2283 441 2305 eo
459 2271 557 2305 facta
575 2273 630 2305 est
659 2270 715 2313 „in
733 2270 788 2304 die
807 2270 1004 2304 dominicae
1022 2270 1167 2314 quintae
1186 2271 1267 2314 post
1285 2268 1459 2310 Pascha“‚
1486 2281 1577 2313 quae
1595 2269 1670 2303 dies
1689 2270 1744 2304 29.
1764 2270 1898 2315 Aprilis

140 2328 226 2359 tunc
252 2326 339 2359 erat.
380 2324 448 2358 Sed
474 2324 629 2358 fortasse
646 2323 761 2357 Faber
786 2323 822 2357 in
847 2323 1048 2357 adnotando
1072 2322 1231 2357 ordinem
1257 2322 1393 2356 dierum
1412 2322 1506 2356 haud
1525 2325 1691 2356 accurate
1717 2324 1897 2358 servabat.

263 2379 273 2399 ¹
298 2377 446 2412 Petrum
473 2376 655 2412 Canisium
681 2376 749 2410 dici
775 2387 896 2410 omnes
922 2378 1166 2420 agnoverunt;
1204 2375 1255 2409 ita
1280 2388 1314 2409 v.
1342 2386 1376 2418 g.
1403 2377 1503 2409 Riess
1527 2375 1550 2408 1.
1575 2387 1603 2409 c.
1630 2387 1663 2420 p.
1692 2376 1754 2417 29;
1782 2378 1897 2411 Marc.

141 2433 279 2475 Bouioe,
315 2430 502 2464 Memorial
538 2430 584 2464 du
618 2429 869 2464 Bienheureux
903 2429 1025 2463 Pierre
1061 2428 1109 2463 Le
1143 2428 1257 2462 Fevre
1295 2428 1413 2472 (Paris
1448 2428 1552 2471 1874)
1590 2441 1622 2473 p.
1650 2429 1736 2469 347;
1773 2430 1898 2472 Boero,

140 2484 255 2518 Fabro
289 2495 323 2528 p.
349 2484 437 2523 431;
476 2485 648 2527 interpres
682 2484 808 2526 (mylas
833 2482 1052 2516 Memorialis
1087 2482 1177 2526 (The
1215 2481 1277 2515 life
1313 2481 1352 2515 of
1375 2482 1436 2515 the
1471 2482 1612 2516 blessed
1638 2481 1746 2516 Peter
1771 2482 1897 2517 Favre.

142 2537 245 2571 From
279 2537 340 2570 the
376 2536 505 2570 Italian
531 2536 570 2569 of
596 2535 728 2570 Father
754 2535 934 2581 Giuseppe
969 2536 1081 2569 Boero
1117 2535 1275 2578 [London
1304 2534 1406 2578 1873]
1442 2547 1474 2579 p.
1503 2535 1719 2578 354-355).
1769 2535 1898 2570 Novio-

141 2601 280 2633 magus,
307 2588 439 2624 Canisii
465 2589 592 2633 patria,
621 2588 786 2622 Geldriae
811 2590 867 2622 est
892 2588 987 2622 urbs.
1133 2588 1146 2608 ‘-'
1172 2587 1263 2621 Vide
1289 2598 1398 2631 supra
1423 2599 1456 2632 p.
1484 2588 1538 2621 39.

261 2643 274 2663 ³
304 2641 528 2684 „Memineris
563 2653 640 2683 eos,
677 2641 736 2686 qui
771 2641 843 2675 illis
875 2642 911 2675 in
945 2640 1058 2675 initiis
1085 2640 1255 2674 Societati
1289 2652 1417 2674 nomen
1451 2640 1603 2680 dabant,
1638 2641 1761 2674 statim
1788 2652 1829 2675 ac
1855 2642 1899 2675 ad

142 2695 416 2730 cohabitandum
452 2706 532 2729 cum
558 2694 638 2729 aliis
664 2695 707 2729 de
734 2694 912 2728 Societate
948 2694 1247 2735 admittebantur,
1283 2695 1406 2727 votum
1433 2693 1647 2727 Societatem
1678 2694 1899 2737 ingrediendi

141 2749 305 2783 emittere
339 2747 482 2789 solitos,
519 2750 556 2782 at
580 2759 649 2782 11011
675 2748 799 2782 statim
834 2748 1027 2792 permissos
1059 2758 1137 2781 esse
1168 2748 1208 2780 ut
1233 2746 1458 2780 affirmarent
1483 2758 1521 2780 se
1548 2746 1590 2780 de
1616 2746 1794 2781 Societate
1821 2758 1900 2781 esse

140 2803 203 2836 sed
229 2801 343 2836 solum
369 2804 493 2836 votum
519 2800 741 2844 ingrediendi
767 2800 980 2835 Societatem
1007 2800 1170 2834 habere‘
1214 2800 1269 2833 Ita
1294 2799 1427 2844 optime
1452 2799 1602 2833 meritus
1628 2801 1741 2834 editor
1771 2800 1899 2842 „Litte-

141 2867 260 2890 rarum
287 2853 620 2898 (111311111116511111111·6
651 2854 677 2895 I⁷
707 2854 805 2888 146¹.
950 2855 962 2873 ⁴
989 2853 1031 2887 V.
1059 2864 1168 2898 supra
1193 2864 1225 2897 p.
1254 2853 1403 2886 75—76.

260 2909 273 2928 ⁵
299 2907 351 2941 Ea
376 2907 516 2941 omnino
541 2907 684 2952 privata
709 2908 793 2941 sunt
819 2908 854 2940 et
879 2906 1146 2951 permittuntur,
1172 2918 1241 2940 non
1267 2905 1570 2950 praescribuntur.

260 2962 274 2981 ⁶
298 2961 341 2995 V.
369 2961 462 2994 infra
487 2972 520 3005 p.
547 2961 616 2994 654
628 2961 651 2994 ⁶.

261 3015 273 3035 ⁷
299 3014 441 3048 Asserit
475 3013 619 3058 quidem
646 3014 777 3057 Seqecin
816 3012 853 3056 (l.
881 3025 910 3047 c.
936 3025 969 3057 p.
996 3012 1056 3056 43)
1096 3024 1176 3046 eum
1211 3012 1242 3046 8.
1271 3012 1406 3057 Aprilis
1435 3013 1542 3054 1545,
1580 3013 1720 3047 biennio
1746 3013 1899 3047 tirocinii

142 3068 294 3113 expleto,
321 3067 383 3101 illa
408 3068 494 3101 vota
519 3065 668 3107 fecisse;
695 3066 757 3100 sed
783 3065 882 3099 nulla
907 3065 1045 3099 ratione
1071 3065 1105 3098 id
1131 3065 1268 3110 probat.

262 3121 274 3141 ⁸
299 3119 377 3163 Nisi
402 3120 495 3154 forte
530 3119 610 3163 quis
636 3119 752 3153 dicere
787 3118 889 3152 malit
922 3118 1000 3163 ipsa
1027 3121 1110 3152 vota
1145 3118 1177 3152 8.
1204 3118 1291 3152 Maii
1319 3119 1409 3153 1543
1440 3130 1459 3152 a
1487 3118 1627 3154 Canisio
1659 3119 1756 3154 facta
1788 3119 1900 3153 fuisse

147 3176 251 3215 „vota
277 3173 494 3208 devotionis*
526 3175 580 3214 et,
606 3172 747 3206 biennio
774 3172 917 3217 expleto
943 3184 1022 3206 cum
1050 3174 1326 3214 renovarentur,
1353 3172 1450 3206 facta
1476 3184 1554 3207 esse
1584 3175 1689 3215 „vota
1714 3172 1902 3207 scholasti—
