2113 3430
845 184 900 218 27.
928 183 1062 228 Aprilis
1091 183 1191 218 1555.
1810 183 1891 224 537

136 302 341 346 Dominus
373 301 541 356 aperiat
563 305 815 356 magnatum
838 302 996 352 oculos,
1031 304 1078 344 ut
1100 300 1257 343 Christi
1289 314 1463 342 causam
1487 314 1541 342 ex
1564 299 1705 342 animo
1728 302 1892 342 curent.

135 371 179 411 et
209 367 373 421 seipsos
405 366 601 417 uideant,
635 367 705 421 qui
738 366 889 409 alienis
921 366 1045 408 malis
1077 380 1162 408 non
1192 368 1445 419 tanguntur.
1510 365 1704 407 Viennae
1736 364 1893 419 raptim

136 435 187 475 27
221 431 384 487 Aprilis
425 433 549 473 1555.

865 491 1024 532 Seruus
1056 489 1099 531 in
1131 489 1301 532 Christo
1333 489 1534 543 indignus
1567 488 1774 531 CanisiuS.

251 589 583 633 Catechisticam
615 590 854 632 doctrinam
877 590 972 631 Rex
1003 592 1152 631 noster
1183 589 1317 631 edidit
1333 590 1360 639 1,
1395 589 1447 630 de
1479 602 1563 641 qua
1595 590 1715 630 tuum
1748 587 1895 629 audire

133 655 333 697 iudicium
374 655 503 697 uelim
544 654 726 708 grauiss.
760 654 847 703 uir,
889 656 938 696 ut
969 667 1079 706 quae
1111 653 1344 695 desiderari
1377 666 1503 707 posse
1536 652 1774 701 censueris,
1817 652 1895 694 ali-

134 720 325 774 quande,
368 720 404 761 si
436 720 829 773 recognoscendum
861 718 1089 773 praecipue
1121 718 1178 760 sit
1210 733 1329 772 opus,
1369 717 1641 770 corrigantur
1672 720 1748 759 aut
1780 730 1895 758 com-

134 785 347 839 pleantur.
411 785 476 826 Ea
508 784 619 826 enim
652 784 696 826 in
727 798 773 825 re
815 797 896 837 que
937 782 1165 825 CHRISTI
1205 783 1389 836 gloriam
1428 784 1472 824 et
1502 781 1602 823 fidei
1636 781 1895 823 asserendae

134 864 308 892 causam
340 863 611 903 summopere
642 848 798 902 tangit,
838 848 1002 902 Regem
1032 847 1218 889 libenter
1250 848 1540 890 admonemus.
1604 845 1731 888 Mitto
1764 845 1897 899 igitur

134 929 208 969 pro
241 915 492 956 munusculo
525 914 716 956 libellum
747 914 871 963 hunc,
906 915 949 955 et
980 915 1030 955 vt
1060 912 1160 954 boni
1193 913 1392 954 consulas
1424 925 1589 966 precor,
1624 924 1673 952 ac
1707 910 1894 952 vicissim

134 982 180 1022 ut
204 979 293 1033 Osij
326 979 549 1022 laudatiss
573 978 776 1032 Episcopi
798 977 960 1032 scripta
976 977 992 1004 2
1024 977 1146 1019 nobis
1169 977 1455 1019 communices
1478 979 1579 1030 opto
1602 975 1893 1018 uehementer.

134 1045 242 1086 Tum
275 1058 385 1097 quae
417 1044 709 1098 superioribus
740 1042 864 1085 annis
897 1057 922 1084 a
944 1042 1109 1096 pietate
1131 1045 1207 1084 tua
1240 1041 1484 1096 conscripta
1506 1044 1619 1091 sunt,
1653 1040 1754 1094 quia
1780 1040 1894 1082 lectu

134 1109 263 1161 digna
296 1122 390 1150 esse
422 1108 535 1159 noui,
569 1108 715 1150 videre
747 1107 918 1161 quidem
950 1120 1071 1157 aueo,
1104 1109 1253 1160 petere
1284 1110 1431 1149 tamen
1463 1106 1537 1147 uix
1559 1105 1710 1155 audeo,
1743 1107 1895 1159 utpote

134 1176 225 1215 tum
258 1187 379 1215 meae
421 1172 674 1226 exiguitatis
716 1172 932 1221 conscius,
974 1174 1067 1214 tum
1104 1174 1206 1214 tuae
1248 1170 1473 1224 dignitatis
1514 1171 1645 1225 probe
1686 1183 1850 1211 memor
1865 1171 1892 1212 3.

256 1306 266 1326 ¹
297 1305 453 1339 Editioni
488 1305 637 1350 principi
678 1304 883 1346 „Summae“
923 1304 1127 1338 canisianae
1161 1304 1220 1338 hic
1254 1307 1309 1338 est
1344 1304 1490 1338 titulus:
1536 1303 1724 1345 „SVMMA
1787 1303 1896 1338 DOC-

137 1358 312 1392 TRINAE
375 1357 706 1393 CHRISTIANAE.
737 1356 739 1401 l
772 1359 838 1392 Per
867 1359 1081 1400 Qnoestiones
1106 1359 1262 1401 tradita,
1294 1363 1323 1391 et
1349 1360 1387 1391 in
1415 1369 1507 1391 esum
1575 1357 1792 1391 Clu-istfanoe
1813 1369 1895 1401 pue-

137 1414 232 1446 re'tz‘oe
267 1415 334 1446 ηἷῑε
363 1415 444 1456 pri·
474 1411 476 1417 ’
505 1412 600 1445 mimz
635 1413 737 1446 edita.
768 1410 771 1456 ξ
800 1411 904 1445 Iussu
931 1412 961 1446 S:
987 1411 1205 1445 authoritate
1236 1410 1496 1445 Sacratissimae
1526 1422 1527 1448 ;
1557 1411 1657 1445 Rom.
1685 1411 1804 1453 Hung.
1832 1411 1896 1444 Bo-

138 1465 228 1499 hem.
257 1467 317 1500 &c
368 1465 489 1509 Regiae
520 1505 521 1509 Ἰ
551 1465 691 1499 Maiest.
718 1464 932 1498 Archiducis
958 1464 1132 1508 Austriae,
1163 1465 1224 1499 &a
1289 1463 1460 1498 EDICTO
1486 1463 1632 1497 REGIO
1661 1463 1861 1498 CAVTVM

138 1522 201 1558 est,
229 1522 269 1552 vt
294 1519 353 1553 hic
377 1518 519 1553 libellus
546 1518 663 1559 solus,
693 1517 944 1562 praetermissis
970 1517 1048 1551 reli·
1079 1517 1081 1561 ἶ
1112 1517 1192 1561 quis
1220 1516 1475 1555 Catechismis.
1503 1529 1565 1561 per
1591 1529 1713 1551 omnes
1739 1517 1895 1551 Austriae

138 1572 227 1606 lnfe·
291 1572 395 1606 rioris
421 1571 649 1612 Prouincias,
687 1572 717 1606 ὣ
744 1571 888 1605 Goritiae
916 1570 1133 1605 Comitatum
1163 1570 1164 1592 l
1195 1571 1230 1604 in
1256 1569 1389 1604 scholis
1416 1572 1496 1603 cum
1522 1571 1675 1615 priuatis
1700 1571 1794 1612 [sic]
1819 1573 1895 1604 tum

137 1624 287 1670 publicis
313 1624 435 1669 praele-
465 1647 467 1668 2
497 1627 605 1667 gatur
630 1626 660 1659 S:
686 1626 938 1658 conseruetur:
965 1624 1084 1668 Atque
1111 1626 1130 1658 a
1156 1624 1253 1657 nullo
1272 1623 1387 1668 Typo-
1418 1624 1419 1627 ’
1450 1623 1587 1668 grapho
1606 1625 1668 1657 aut
1686 1623 1895 1668 Bibliopola.

137 1678 247 1712 inuito
273 1678 450 1712 Michaele
512 1678 803 1718 Zimmermanno,
830 1677 923 1711 intra
949 1677 1072 1711 decen·
1103 1675 1104 1721 1
1134 1677 1232 1710 nium
1250 1677 1363 1711 denuo
1383 1677 1591 1717 excudatur,
1622 1675 1624 1721 1
1654 1679 1716 1710 aut
1742 1688 1896 1710 excusus

136 1731 343 1765 vendaturf
396 1731 511 1765 Locus
537 1733 573 1765 et
598 1742 712 1765 annus
737 1742 807 1764 non
833 1730 1044 1765 indicantur.
1096 1730 1162 1770 8⁰;
1198 1731 1233 1764 ff.
1264 1730 1329 1764 193
1364 1730 1507 1773 signata
1542 1732 1577 1764 et
1612 1731 1632 1764 9
1663 1729 1698 1773 (S
1734 1730 1769 1763 in
1796 1730 1895 1764 initio

137 1786 172 1818 et
201 1785 216 1818 1
245 1784 280 1818 in
306 1784 390 1827 fine)
419 1796 488 1818 non
515 1785 677 1828 signata;
702 1784 725 1818 4
749 1784 886 1827 figurae
912 1783 948 1817 in
973 1783 1111 1827 lignum
1129 1783 1188 1817 vel
1206 1783 1391 1828 plumbum
1418 1783 1571 1824 incisae;
1598 1783 1722 1817 folium
1748 1783 1894 1817 titulare

136 1838 300 1881 sequitur
326 1837 480 1871 edictum
499 1837 711 1871 Ferdinandi
729 1837 754 1871 I.
785 1836 845 1881 (cf.
872 1848 980 1882 supra
1006 1848 1040 1881 p.
1060 1836 1164 1879 522¹)
1194 1839 1230 1871 et
1256 1839 1469 1881 conspectus
1494 1848 1631 1877 rerum;
1659 1837 1695 1870 in
1721 1836 1789 1870 fine
1815 1836 1895 1870 libri

139 1891 178 1934 (f.
209 1890 451 1933 1932—193b)
481 1890 526 1925 20
556 1890 738 1932 „Errata“.
783 1890 969 1935 Copiosius
995 1890 1083 1924 haec
1109 1890 1216 1924 editio
1243 1890 1423 1935 descripta
1449 1891 1505 1924 est
1531 1889 1567 1923 in
1593 1891 1738 1923 editoris
1769 1889 1894 1930 „Kate-

137 1944 313 1978 chismen‘*
354 1946 420 1978 etc.
456 1956 489 1988 p.
522 1943 671 1978 28-49,
729 1943 838 1978 Cuius
871 1943 1036 1988 exempla
1071 1945 1217 1977 exstant
1252 1943 1402 1977 Londini
1438 1943 1472 1976 in
1504 1954 1650 1976 musaeo
1684 1942 1894 1976 britannico.

137 1997 283 2031 Lovanii
313 1997 370 2040 (V.
390 1997 429 2031 P.
448 1997 508 2038 VI,
535 1996 608 2040 23),
635 1995 801 2040 Friburgi
828 1996 1048 2040 Brisgoviae,
1067 1996 1227 2030 Viennae
1256 1996 1395 2040 (Theol.
1420 1998 1511 2041 past.
1539 1996 1564 2037 I,
1592 1995 1689 2038 324),
1717 1995 1895 2030 Monachii

137 2050 274 2093 (Theol.
303 2052 393 2095 past.
422 2049 481 2093 18)
518 2049 554 2083 in
580 2049 803 2084 bibliothecis
830 2049 1044 2084 academicis
1070 2061 1193 2083 earum
1219 2049 1427 2091 civitatum,
1464 2049 1682 2083 Ratisbonae
1710 2048 1745 2082 in
1771 2049 1894 2083 biblio-

134 2103 238 2137 theca
263 2103 466 2148 provinciae
496 2102 610 2146 (Past.
638 2102 744 2146 209),
771 2103 806 2136 in
831 2103 1046 2137 monasterio
1073 2102 1113 2137 O.
1139 2102 1172 2137 S.
1196 2103 1235 2136 B.
1263 2102 1464 2146 gotvicensi
1493 2102 1702 2146 (Gottweig,
1729 2102 1895 2141 XXXIII,

136 2157 165 2190 K
192 2157 235 2190 26
246 2156 286 2199 ³),
314 2157 348 2190 in
374 2156 523 2191 canonia
548 2156 680 2190 ordinis
706 2156 1068 2200 praemonstratensis
1090 2155 1258 2201 pragensi
1287 2155 1468 2199 (Strahov,
1494 2155 1534 2189 B.
1553 2155 1586 2195 J,
1613 2155 1655 2196 X,
1675 2154 1725 2198 3).
1761 2155 1893 2189 Eodem

132 2222 223 2244 anno
253 2211 341 2244 1555
377 2210 534 2244 secunda
574 2208 777 2251 „Summae“
818 2209 924 2243 editio
959 2209 1058 2243 facta
1093 2220 1172 2243 esse
1206 2209 1361 2243 videtur.
1413 2209 1477 2243 Cui
1512 2209 1654 2252 quidem
1685 2207 1813 2242 titulus
1840 2212 1894 2242 est

133 2263 226 2297 idem
253 2275 294 2297 ac
320 2263 482 2308 principi,
508 2263 544 2297 ff.
570 2262 713 2306 signata
741 2262 818 2303 192,
851 2264 1005 2304 „errata“
1033 2264 1174 2296 tantum
1200 2262 1241 2299 8:
1269 2262 1314 2296 cf.
1339 2261 1631 2303 „Katechismen“
1663 2274 1694 2307 p.
1716 2263 1757 2295 71
1774 2263 1793 2296 ¹.
1830 2262 1893 2295 Po-

132 2317 300 2350 steriores
319 2316 485 2350 Summae
506 2316 678 2350 editiones
697 2315 732 2349 in
749 2315 816 2349 hoc
833 2327 938 2360 opere
957 2318 1123 2350 accurate
1141 2315 1342 2350 describere
1360 2327 1430 2349 non
1448 2317 1565 2349 vacat.
1602 2315 1733 2349 Earum
1751 2315 1893 2359 aliquae

135 2370 167 2403 in
191 2369 484 2412 „Katechismen“
515 2369 747 2403 adumbratae
765 2371 867 2409 sunt3
895 2370 1045 2409 ceterae,
1071 2369 1101 2403 si
1119 2368 1194 2403 Deo
1212 2369 1377 2413 placebit,
1404 2369 1438 2401 in
1466 2368 1637 2413 peculiari
1655 2368 1745 2402 libro
1764 2368 1893 2402 descri-

132 2423 269 2464 bentur,
297 2434 365 2466 quo
391 2422 599 2457 catechismi
626 2421 798 2456 canisiani
823 2421 973 2456 historia
999 2422 1175 2466 quaedam
1201 2424 1427 2466 proponetur.

251 2476 264 2496 ‘²
290 2476 389 2510 Haec
411 2475 513 2509 Hosii
539 2487 645 2519 opera
671 2477 756 2509 tunc
773 2475 912 2520 prelum
937 2475 1007 2509 iam
1025 2475 1230 2509 subierant:
1258 2474 1293 2517 a)
1327 2475 1387 2516 „In
1406 2474 1490 2509 Psal
1536 2486 1634 2508 mvm
1653 2473 1865 2518 Quinqvagc

133 2529 261 2563 simum
289 2528 526 2573 Paraphrasis
553 2528 723 2562 Stanislai
752 2527 755 2572 1
785 2528 905 2573 Hosij,
941 2529 1098 2563 carmine
1124 2528 1326 2573 conscripta
1346 2556 1352 2562 .
1375 2556 1380 2562 .
1402 2556 1408 2562 .
1450 2527 1503 2572 [ln
1529 2528 1613 2562 folio
1640 2527 1892 2571 paenultimo:]

135 2582 326 2616 Cracouiae
352 2594 397 2616 ex
424 2582 570 2615 aedibus
596 2581 804 2626 Hieronymi
830 2581 997 2616 Victoris.
1033 2583 1134 2615 Anno
1153 2581 1200 2615 M.
1219 2580 1260 2615 D.
1281 2581 1461 2625 XXVI&
1493 2581 1540 2615 8⁰
1566 2582 1600 2614 ff.
1624 2582 1676 2615 12.
1715 2580 1752 2622 b)
1787 2579 1892 2616 „Con-

135 2635 242 2670 fessio
278 2635 376 2669 Fidei
411 2635 616 2669 Catholicae
653 2634 856 2669 Christiana
886 2635 942 2669 Au
1003 2634 1174 2668 thoritate
1210 2633 1343 2679 Synodi
1378 2633 1608 2678 prouincialis
1644 2644 1734 2677 quae
1772 2633 1891 2667 habita

134 2691 189 2723 est
225 2689 309 2722 Petr
348 2688 349 2691 ’
389 2688 510 2722 couiae
546 2689 648 2722 Anno
684 2688 732 2722 M.
759 2687 801 2722 D.
828 2688 883 2722 LI.
934 2688 1057 2722 Mense
1092 2687 1192 2721 Iunio
1230 2687 1368 2721 aedita:
1449 2686 1681 2720 Praesidente
1717 2687 1893 2720 Reueren-

133 2741 279 2775 dissimo
316 2742 349 2775 in
377 2741 519 2775 Christo
545 2741 653 2775 Patre
683 2748 685 2784 ζ
716 2741 864 2775 Domino
900 2741 967 2775 dno
993 2741 1139 2775 Nicolao
1174 2740 1240 2774 Dei
1276 2740 1394 2784 gratia
1419 2740 1469 2773 Ar
1498 2739 1499 2783 1
1530 2739 1754 2784 chicpiscopo
1782 2739 1891 2773 Gnes-

133 2795 233 2829 ncnsi
269 2794 403 2838 Legato
434 2794 435 2799 ’
464 2796 548 2828 nato
584 2795 620 2828 et
656 2794 757 2837 regni
792 2794 954 2838 primate.
994 2794 995 2837 ἦ
1035 2793 1123 2827 Pars
1158 2793 1268 2827 Prior.
1342 2794 1430 2826 Cum
1467 2792 1592 2826 Gratia
1630 2795 1665 2826 et
1700 2792 1892 2836 Priuilegio

134 2848 167 2882 S.
195 2847 235 2882 R.
264 2848 310 2881 M.
373 2847 577 2882 Cracoviae.
608 2846 609 2890 J
640 2847 741 2881 Anno
768 2847 815 2880 M.
842 2846 883 2880 D.
911 2846 1002 2880 LIII.
1045 2846 1131 2889 [Fol.
1159 2846 1227 2880 239
1239 2846 1260 2889 z]
1289 2845 1518 2885 Craccoviae,
1557 2846 1594 2878 In
1622 2845 1773 2879 Officina
1802 2846 1892 2879 Hae-

134 2901 255 2935 redum
291 2901 402 2935 Marci
438 2900 752 2943 Scharffenberger
780 2899 896 2941 Ciuis,
933 2911 974 2933 ac
1002 2898 1221 2944 Bibliopolae
1250 2899 1477 2933 &amnicus
1514 2899 1556 2932 4⁰
1592 2899 1626 2932 ff.
1655 2899 1693 2935 Τ.
1721 2899 1808 2939 239,
1839 2899 1890 2933 13.

136 2954 281 2995 (Theod.
307 2955 572 2997 15⁷1'‹»·:l›0w.s·ki,
608 2952 874 2997 Bibliographia
901 2951 1067 2986 Polonica
1096 2952 1161 2985 XV
1188 2963 1230 2986 ac
1259 2952 1341 2985 XVI
1370 2964 1416 2986 ss.
1457 2952 1503 2985 III
1533 2951 1745 2996 [Varsoviae
1775 2951 1890 2995 1894].

135 3007 291 3046 33—342
320 3008 333 3040 1
362 3007 574 3051 [Varsoviae
602 3006 716 3050 1889]‚
745 3005 817 3049 31).

252 3061 264 3080 ³
291 3060 479 3095 Cromerus
505 3062 646 3105 praeter
672 3062 841 3104 quattuor
867 3058 1060 3102 colloquia,
1088 3058 1130 3091 dc
1158 3058 1286 3101 quibus
1313 3069 1420 3102 supra
1448 3070 1479 3102 p.
1510 3058 1610 3099 5162,
1648 3058 1717 3091 iam
1749 3058 1790 3093 10
1818 3058 1891 3091 fere

133 3115 297 3157 poemata
324 3116 359 3148 et
384 3113 562 3148 orationes
588 3113 720 3147 latinas
746 3111 992 3156 evulgaverat,
1020 3122 1111 3155 quac
1139 3113 1200 3145 aut
1228 3111 1303 3156 ipse
1330 3113 1579 3156 composuerat
1605 3113 1668 3145 aut
1694 3123 1738 3145 ex
1761 3122 1890 3155 graeco

136 3167 303 3208 verterat,
330 3179 363 3200 v.
391 3179 424 3211 g.
457 3166 528 3208 „De
554 3166 840 3211 splendidissimo
868 3164 1002 3199 Christi
1031 3165 1109 3198 Iesu
1144 3164 1324 3209 triumpho
1354 3165 1515 3199 carmen⁴²
1549 3163 1760 3208 (Cracoviae
1789 3164 1889 3198 1533.
