2113 3430
204 190 288 230 500
726 186 803 220 177.
840 185 1044 219 Fridericus
1071 185 1269 230 Staphylus
1296 185 1448 221 Canisio.

200 304 390 356 flagrant
422 301 587 351 omnia,
630 301 786 343 sudore
828 301 1104 354 antiquorum
1138 302 1316 344 Patrum
1359 302 1593 346 restinctus
1624 303 1778 354 fuerit,
1821 318 1973 346 uereor

200 367 410 420 equidem,
443 380 510 417 ne,
545 380 673 419 quam
696 366 757 407 illi
780 366 903 408 nobis
934 380 1069 420 remp.
1104 367 1295 420 antiquis
1327 367 1494 421 legibus
1522 369 1691 411 firmam
1723 370 1971 411 florentem-

199 446 281 485 que
322 431 616 482 tradiderunt,
661 446 738 473 nos
772 445 867 473 eam
908 431 1030 473 nouis
1072 432 1386 474 labefactatam
1424 432 1636 476 institutis
1676 434 1797 476 breui
1839 434 1971 476 simus

198 497 419 539 amissuri:
454 500 515 547 ut,
550 511 647 538 cum
679 496 794 538 forte
827 511 929 538 uere
952 511 977 538 a
1005 497 1126 539 nobis
1159 498 1309 550 quaeri
1342 497 1492 551 possit,
1527 498 1652 549 Cedo,
1686 499 1757 552 qui
1780 502 1970 541 uestram

197 576 330 616 remp.
365 565 534 605 tantam
569 561 777 604 amisistis
808 564 899 604 tam
933 562 1050 604 cito?
1082 563 1219 605 multo
1252 563 1397 604 uerius
1429 563 1567 617 possit
1598 564 1861 618 responderi,

319 627 639 670 Proueniebant
673 630 870 669 oratores
903 627 1016 677 noui,
1051 627 1175 670 stulti
1208 628 1519 670 adolescentuli
1538 629 1565 670 1.

197 693 362 746 Ecquid
404 707 489 734 11011
532 692 633 734 110111
675 694 893 743 oratores,
937 695 981 734 et
1012 693 1141 746 plane
1174 693 1296 743 noui,
1340 693 1411 746 qui
1446 693 1682 736 uetustatis
1723 694 1971 748 relinquunt

197 772 249 800 ne
291 758 524 812 uestigium
568 757 761 811 quidem,
804 760 982 811 praeter
1023 772 1212 800 errorem
1246 760 1291 800 et
1322 759 1561 800 mouendae
1603 758 1825 801 seditionis
1866 760 1971 802 arti-

196 823 373 865 ficium?
413 838 513 865 nam
546 823 653 865 haec
686 823 782 873 duo,
816 826 865 865 ut
897 825 1073 866 uetusta
1106 826 1219 874 sunt,
1255 823 1318 866 ita
1347 824 1440 866 sola
1472 838 1581 878 pene
1614 823 1809 865 omnibus
1842 824 1970 867 sectis

197 889 453 931 communia.
519 888 676 930 Scribit
717 889 758 931 S.
793 888 1049 930 Vincentius
1091 889 1332 943 Episcopus
1369 889 1637 931 Lirinensis2
1679 892 1805 931 autor
1845 892 1970 932 uetus

196 957 240 996 et
271 954 462 1007 integer,
506 954 646 995 solere
678 953 920 995 haereticos
952 954 1192 1008 plerunque
1225 953 1406 996 alicuius
1445 953 1611 1008 antiqui
1644 953 1808 996 autoris
1841 954 1969 1005 dicta,

195 1019 229 1060 si
264 1033 373 1072 quae
405 1018 629 1061 obscurius
662 1019 779 1061 edita
812 1019 919 1070 sint,
955 1022 1147 1073 captare,
1182 1020 1294 1061 unde
1327 1019 1531 1062 haereses
1564 1019 1823 1061 concinnent
1854 1033 1970 1070 suas,

195 1099 248 1126 110
280 1085 361 1139 11151
394 1084 474 1126 5011
506 1084 569 1126 ita
601 1084 762 1126 sentire
803 1084 1034 1126 uideantur
1051 1086 1079 1127 3.
1144 1084 1253 1134 Quid
1285 1084 1370 1126 iam
1409 1084 1645 1127 usitatius?
1688 1084 1789 1137 quid
1830 1084 1970 1138 magis

195 1149 451 1203 antiquum?
515 1149 722 1191 Solebant
754 1149 867 1191 enim
900 1150 1086 1200 Romae,
1124 1150 1484 1203 quemadmodum
1517 1150 1654 1192 refert
1686 1150 1742 1191 M.
1777 1149 1922 1191 Cicero
1939 1151 1968 1200 4,

195 1215 310 1257 ciues
343 1215 536 1257 seditiosi
569 1214 736 1267 aliquos
768 1229 823 1256 ex
849 1215 1039 1268 antiquis
1072 1216 1213 1257 claros
1236 1215 1352 1257 uiros
1384 1216 1593 1269 proferre,
1628 1229 1734 1268 quos
1767 1214 1969 1257 dicebant

195 1280 328 1322 fuisse
369 1281 623 1334 populares,
666 1283 714 1322 ut
747 1294 893 1321 eorum
926 1280 1007 1334 ipsi
1040 1280 1202 1322 similes
1234 1281 1510 1323 haberentur.
1575 1281 1850 1334 Repetebant
1881 1280 1967 1322 iam

196 1346 240 1388 P.
265 1345 500 1395 Valerium,
536 1348 580 1388 et
611 1345 813 1398 reliquos,
848 1345 920 1399 qui
952 1346 1072 1399 leges
1104 1346 1336 1401 populares
1368 1346 1594 1388 tulissent:
1627 1345 1713 1387 iam
1738 1345 1780 1388 C.
1805 1345 1965 1387 Flami—

194 1411 323 1462 nium,
358 1411 430 1464 qui
451 1411 562 1464 legis
594 1410 794 1464 agrariae
827 1414 955 1453 autor
977 1425 1072 1453 cum
1095 1411 1263 1462 fuisset,
1298 1411 1362 1453 bis
1384 1414 1532 1454 tamen
1554 1412 1697 1453 factus
1720 1410 1778 1454 sit
1803 1411 1963 1453 consul.

192 1476 597 1519 Commemorabant
628 1476 733 1518 item
755 1476 802 1519 P.
826 1476 1042 1527 Crassum,
1076 1479 1120 1519 et
1152 1477 1198 1519 P.
1223 1477 1478 1519 Scaeuolam
1509 1477 1683 1527 fratres,
1718 1479 1762 1519 et
1794 1476 1965 1530 sapien-

192 1541 382 1583 tissimos
414 1541 552 1583 uiros:
596 1556 703 1595 quos
736 1542 783 1584 T.
820 1541 1014 1583 Graccho
1048 1544 1223 1585 autores
1255 1542 1389 1584 fuisse
1421 1556 1631 1584 nouarum
1669 1542 1814 1595 legum
1847 1541 1965 1583 affir-

192 1607 391 1658 mabant,
434 1607 620 1649 alterum
653 1606 825 1660 quidem
857 1607 1024 1661 palam,
1068 1607 1274 1657 alterum,
1318 1610 1367 1650 ut
1400 1607 1681 1657 credebatur,
1728 1607 1962 1649 obscurius.

193 1672 357 1713 Horum
391 1686 438 1713 se
469 1672 553 1721 illi,
596 1672 709 1725 quod
743 1674 787 1714 et
818 1672 918 1714 boni
952 1672 1069 1714 ciues
1100 1672 1307 1724 fuissent,
1344 1675 1389 1715 et
1421 1673 1572 1714 eadem
1606 1685 1775 1725 quoque
1806 1686 1964 1714 nouas-

193 1740 304 1787 sent,
338 1737 586 1780 institutum
619 1737 741 1790 sequi
774 1737 1081 1780 obtendebant.
1138 1737 1345 1781 Similiter
1377 1740 1421 1780 013
1452 1736 1589 1780 nostri
1622 1740 1818 1779 oratores
1849 1737 1963 1788 noui,

193 1816 287 1844 011111
320 1803 599 1856 perturbare,
642 1806 690 1845 ut
721 1802 782 1844 illi
815 1803 1145 1857 rempublicam,
1179 1804 1241 1845 sic
1272 1803 1354 1857 ipsi
1386 1802 1639 1856 religionem
1671 1802 1828 1852 uelint,
1863 1817 1963 1856 pro-

193 1868 348 1921 phetas
380 1868 635 1922 producunt,
670 1870 714 1910 et
746 1869 981 1922 apostolos,
1016 1871 1060 1911 et
1083 1883 1105 1910 0
1128 1868 1349 1912 ueteribus
1376 1883 1506 1910 unum
1530 1871 1606 1910 aut
1628 1867 1732 1910 item
1755 1868 1962 1909 alterum:

193 1946 374 1985 quorum
407 1947 453 1974 se
486 1933 633 1976 dicant
673 1933 914 1976 doctrinam
956 1933 1140 1985 imitari,
1185 1937 1229 1976 et
1270 1934 1528 1988 exemplum.
1593 1932 1723 1983 Quasi
1755 1947 1857 1974 uero
1898 1932 1964 1974 his

193 1998 293 2039 olim
326 1997 438 2040 idem
471 1998 647 2049 fuisset,
682 1999 795 2052 quod
827 1998 913 2040 iam
945 1998 1050 2053 ipsis
1083 2002 1162 2049 est,
1197 1999 1386 2042 studium
1419 1998 1740 2053 perturbandae
1771 1997 1890 2052 pacis
1921 1997 1964 2039 in

191 2063 389 2104 fraudem
416 2064 629 2115 ueritatis,
664 2064 707 2105 in
729 2064 964 2118 perniciem
988 2064 1209 2108 ecclesiae.
1244 2065 1299 2107 ad
1322 2065 1591 2106 euersionem
1612 2063 1789 2105 humani
1811 2063 1964 2104 diuini—

191 2142 273 2181 que
305 2127 422 2171 iuris.
468 2129 548 2171 Est
570 2129 676 2171 haec
708 2129 794 2171 ista
829 2128 928 2183 [sic]
962 2129 1226 2173 machinatio
1259 2130 1458 2184 sectarijs
1481 2143 1530 2171 eo
1563 2129 1817 2184 expeditior,
1852 2128 1962 2181 quod

191 2193 400 2235 ecclesiae
441 2193 639 2237 doctrina
677 2194 766 2236 suis
799 2197 867 2237 est
899 2197 1106 2238 contenta
1137 2195 1370 2247 iudicibus,
1414 2195 1735 2238 multitudinem
1769 2193 1962 2236 consulto

190 2259 284 2312 ipsa
316 2258 501 2312 fugiens,
536 2259 660 2313 eique
691 2259 771 2314 ipsi
807 2263 851 2302 et
883 2264 1099 2314 suspecta,
1134 2264 1178 2303 et
1209 2261 1371 2303 inuisa:
1406 2264 1454 2303 ut
1475 2260 1511 2302 si
1538 2259 1632 2313 quis
1665 2273 1759 2301 eam
1791 2258 1963 2300 uniuer-

314 2425 413 2460 ¹Sat
455 2425 637 2468 ingratum
680 2428 735 2460 est
774 2426 990 2471 Staphylum
1032 2426 1090 2460 1110
1126 2429 1161 2460 et
1196 2426 1290 2460 infra
1329 2425 1543 2470 compluries
1581 2424 1782 2459 sententias
1820 2425 1962 2469 quidem

191 2482 353 2513 veterum
381 2480 529 2520 afferre,
557 2479 619 2513 sed
646 2479 739 2513 unde
766 2479 1045 2525 deprompserit,
1076 2492 1145 2514 non
1171 2479 1330 2524 prodere.
1382 2480 1501 2522 Atque
1527 2478 1619 2513 hanc
1646 2478 1789 2522 quidem
1815 2477 1962 2512 interro-

191 2533 371 2576 gationem
399 2544 480 2567 cum
500 2544 563 2566 suo
590 2544 761 2577 responso
781 2545 826 2567 ex
847 2535 1028 2567 Ciceronis
1053 2533 1143 2567 libro
1175 2532 1245 2574 „De
1271 2533 1477 2566 senectute“
1505 2532 1549 2576 (c.
1569 2531 1606 2574 6)
1636 2534 1732 2566 certe
1758 2531 1962 2571 transtulit;

191 2586 250 2629 qui
278 2597 319 2620 ea
347 2586 381 2619 in
421 2585 569 2627 ,Naevii
595 2588 722 2630 poetae
749 2586 865 2620 Ludo“
906 2588 1050 2620 exstare
1085 2587 1220 2621 scribit.
1272 2585 1496 2630 Responsum
1531 2585 1575 2619 ab
1612 2585 1748 2629 aliquot
1781 2584 1961 2618 Ciceronis

191 2639 387 2673 editoribus
406 2639 511 2673 aliter
529 2639 663 2682 legitur
683 2639 962 2684 (proventabant
978 2660 1020 2664 —
1039 2639 1329 2684 provehebantur
1348 2640 1391 2673 ad
1411 2651 1468 2673 res
1483 2659 1526 2664 —
1540 2639 1655 2680 stulti,
1673 2637 1960 2681 adolescentuli).

311 2692 323 2712 2
350 2692 383 2726 S.
411 2692 624 2726 Vincentius
650 2693 857 2727 Lerinensis
891 2693 1088 2727 inonachus
1114 2696 1150 2727 et
1175 2693 1366 2737 presbyter
1402 2692 1490 2733 fuit,
1526 2704 1595 2726 non
1632 2691 1831 2736 episcopus.
1883 2689 1959 2724 Sta-

192 2745 323 2789 phylus
350 2757 429 2779 eum
457 2757 537 2779 cuin
556 2745 590 2779 S.
610 2745 799 2780 Vincentio
827 2747 993 2791 episcopo
1011 2746 1203 2789 Fulginate
1233 2746 1391 2789 (circiter
1414 2757 1444 2780 a.
1465 2746 1548 2789 550)
1579 2745 1783 2780 confudisse
1802 2744 1958 2778 videtur:

193 2799 378 2841 utriusque
406 2799 499 2832 enim
526 2799 696 2833 memoria
723 2800 845 2833 eodeni
873 2800 929 2834 die
959 2800 1030 2842 (24.
1058 2800 1158 2843 Maii)
1189 2799 1296 2834 recoli
1323 2799 1416 2833 solet
1445 2799 1550 2842 (Aeta
1579 2802 1789 2831 Sam-torum
1817 2796 1900 2830 Maii
1928 2796 1957 2828 Y

193 2851 355 2892 {Parisiis
384 2854 420 2885 et
447 2852 580 2886 Romae
611 2852 724 2896 1866],
752 2853 952 2888 286--289,
979 2854 1077 2896 299).

313 2906 325 2923 ⁵⁵
356 2905 463 2945 ,Cum
482 2905 548 2939 sub
567 2905 682 2939 alieno
701 2907 842 2940 nomine
869 2906 1034 2940 haeresin
1062 2906 1275 2940 concinnare
1293 2906 1553 2947 machinentur,
1580 2906 1727 2949 captant-
1749 2902 1958 2947 plerumque

197 2957 325 2990 veteris
357 2959 556 3003 cuiuspiam
585 2959 652 2992 viri
679 2960 814 3004 scripta
840 2959 946 3004 paulo
974 2960 1170 2993 involutius
1197 2960 1312 3001 edita,
1350 2971 1441 3004 quae
1467 2971 1530 3003 pro
1557 2958 1635 3002 ipsa
1660 2957 1715 2991 sui
1741 2955 1958 2989 obscuritate

195 3009 350 3051 dogmati
378 3022 441 3045 5110
469 3012 570 3054 quasi
608 3016 826 3055 congruant;
863 3015 903 3046 ut
928 3012 1035 3054 illud,
1071 3013 1192 3047 nescio
1219 3012 1322 3056 quid,
1360 3013 1595 3056 quodcunque
1622 3010 1816 3055 proferunt.
1844 3020 1957 3051 neque

195 3062 308 3104 primi.
336 3075 448 3106 neque
476 3064 539 3097 soli
568 3066 700 3099 sentire
721 3066 928 3099 videantur-⁴
954 3066 1272 3109 (Commonitorum
1300 3078 1329 3099 c.
1352 3066 1404 3105 11,
1437 3065 1528 3099 alias
1548 3065 1577 3103 1,
1598 3063 1628 3103 7,
1656 3062 1708 3096 ed.
1728 3063 1794 3095 Ed.
1815 3063 1956 3105 IIvrwy

196 3114 452 3155 [Vratislaviffl-
482 3117 584 3160 1839]
613 3130 644 3162 11.
675 3119 727 3152 16.
780 3120 911 3161 Miyne,
938 3118 1007 3152 Pl‘.
1038 3119 1103 3152 [111.
1133 3119 1169 3157 11,
1197 3119 1294 3161 647).

321 3171 325 3186 ¹
357 3169 648 3203 Acada-micorum
675 3171 830 3214 priorum
859 3172 880 3204 l.
909 3172 940 3211 2,
969 3184 996 3205 c.
1025 3173 1056 3207 Γ).
1084 3172 1104 3214 ξ
1134 3172 1186 3204 123.
