2113 3430
882 188 938 223 27.
964 187 1053 223 Maii
1079 187 1181 222 1548.
1829 189 1911 230 279

148 313 297 365 patres
319 312 531 364 spectare,
564 309 661 351 illos
693 308 771 351 tibi
801 310 950 363 patres
975 306 1220 359 intelligere
1231 309 1256 357 ³,
1291 319 1316 347 a
1343 319 1523 358 quorum
1546 305 1763 348 sententia
1785 305 1915 348 tutis-

149 375 255 417 sime
286 378 406 418 totus
436 374 626 428 pendeas
657 373 845 427 malique
876 372 981 414 nihil
1013 371 1184 414 omnino
1217 373 1446 425 expecteS,
1489 370 1565 411 sed
1597 384 1648 412 ea
1679 370 1839 420 solum,
1879 370 1916 412 si

148 439 280 491 velis,
324 439 514 493 quotidie
547 438 757 493 accipias,
792 451 902 491 quae
933 436 1062 478 nullis
1094 435 1241 478 mundi
1272 434 1520 489 praesidiis,
1565 437 1608 476 et
1639 449 1694 476 ne
1725 435 1914 477 maximo

149 504 320 558 quidem
357 503 584 546 literarum
625 503 767 545 studio
811 502 889 545 tibi
925 498 1182 555 aliquandob
1219 514 1359 555 pares.
1422 499 1472 540 In
1503 498 1585 540 hac
1617 499 1763 541 schola
1795 500 1916 541 diues

149 569 317 611 abunde
349 572 585 623 paupertas
618 568 818 618 discitur,
851 567 988 608 libera
1020 580 1124 608 vere
1157 564 1402 607 obedientia
1432 563 1691 618 percipitur,
1726 564 1916 617 gloriosa

147 633 378 688 praecipue
409 633 652 684 humilitaS,
692 635 736 675 et
767 631 1058 673 nobilissimus
1089 631 1222 673 IESV
1255 628 1447 672 crucifixi
1479 643 1600 671 amor
1631 628 1766 670 solide
1799 643 1915 671 com-

146 701 329 753 paratur
341 702 365 741 ⁰.
417 699 514 751 Ego
536 712 653 748 vero,
688 711 818 750 quum
839 695 1173 750 pulcherrimam
1194 695 1313 736 illam
1335 693 1666 748 philosophandi
1687 693 1912 744 rationem,

149 777 260 816 quae
296 763 395 805 istic
436 762 595 805 nemini
637 762 780 812 deest,
825 760 1180 813 occasionemque
1222 759 1364 801 animo
1396 773 1564 800 mecum
1595 761 1770 812 reputo,
1814 758 1915 812 quid

147 828 312 870 Romae
343 827 580 878 habuerim,
615 827 715 881 quid
742 825 1003 879 reliquerim,
1037 824 1186 866 video:
1220 825 1297 866 sed
1329 824 1561 866 damnante
1594 836 1772 876 segnem
1802 823 1915 865 hunc

148 892 337 934 animum
377 893 472 947 ipsa
511 892 615 934 mihi
649 890 934 941 conscientia,
978 889 1100 931 doleo
1133 892 1272 940 certe,
1318 903 1470 943 parum
1503 887 1733 942 temporis,
1775 888 1915 930 minus

147 972 252 999 vero
275 972 404 1000 curae
436 960 480 1000 et
512 956 643 1000 studii
674 957 804 998 rebus
835 955 920 997 illis
941 954 1298 1009 praeclarissimis
1321 969 1347 996 a
1368 968 1437 996 me
1460 954 1608 996 datum
1632 967 1740 996 esse.
1794 952 1915 1002 Quod

147 1022 336 1065 fortasse
378 1037 507 1076 quum
547 1036 633 1064 non
674 1021 765 1063 sine
810 1035 975 1062 summo
1018 1019 1227 1061 dedecore
1269 1019 1462 1069 dicatur,
1507 1018 1739 1072 praeteriri
1780 1032 1807 1060 a
1846 1032 1915 1060 me

147 1102 261 1130 nunc
292 1090 487 1142 poterat,
533 1087 615 1128 nisi
646 1100 741 1128 meo
775 1085 973 1139 exemplo
1005 1084 1165 1127 Vestris
1208 1084 1341 1126 etiam
1373 1083 1606 1125 commodis
1638 1085 1916 1138 prospectum

146 1151 200 1194 iri
241 1153 558 1206 desyderarem.
623 1151 764 1201 Quare
807 1165 910 1193 non
952 1149 1005 1191 in
1046 1163 1275 1191 vacuum
1318 1163 1477 1201 quaeso
1519 1148 1764 1201 gratiam
1803 1148 1916 1190 hanc

147 1217 247 1259 Dei
279 1217 590 1271 amplissimam
622 1216 740 1258 acci
751 1215 910 1270 pite1,
945 1215 1021 1257 sed
1053 1217 1284 1268 praesente
1315 1213 1522 1256 bonitatis
1545 1213 1716 1255 divinae
1737 1227 1916 1255 munere

149 1281 210 1323 sic
242 1282 449 1323 utendum
482 1283 668 1332 censete,
702 1284 751 1323 ut
783 1280 878 1323 sitis
911 1282 954 1322 et
986 1279 1068 1333 ipsi
1099 1277 1252 1321 vobisd
1285 1278 1399 1320 omni
1432 1293 1487 1320 ex
1509 1280 1635 1333 parte
1657 1278 1914 1332 superiores,

148 1349 192 1389 et
223 1346 268 1387 in
300 1346 390 1388 dies
421 1347 615 1399 singulos
648 1345 956 1388 conformiores
989 1344 1247 1386 CHRISTO.
1292 1344 1393 1386 Non
1425 1344 1538 1396 quod
1569 1343 1677 1385 meis
1709 1343 1915 1385 exhorta-

146 1411 336 1454 tionibus
377 1412 432 1453 ad
472 1411 650 1466 pietatis
691 1414 866 1453 vestrae
908 1424 1081 1452 cursum
1122 1423 1228 1463 opus
1269 1409 1351 1459 sit,
1398 1409 1500 1462 quin
1542 1408 1687 1463 potius
1730 1407 1916 1450 stimulis

147 1476 307 1519 vestris
347 1476 535 1520 tarditas
575 1490 673 1518 mea
713 1476 855 1517 locum
897 1475 1148 1528 aditumque
1188 1474 1391 1528 praebet:
1433 1474 1509 1515 sed
1550 1488 1627 1527 pro
1668 1487 1765 1515 mea
1802 1473 1916 1526 apud

148 1556 226 1583 vos
257 1541 460 1585 libertate
492 1542 621 1584 solita
652 1541 695 1583 id
728 1541 911 1583 dixerim
941 1540 1115 1582 fratres.
1176 1539 1517 1582 Benedictus
1549 1538 1723 1581 interim
1754 1541 1917 1593 pater

148 1606 219 1648 ille
251 1606 756 1649 misericordiarum2
789 1605 859 1659 qui
890 1609 1055 1648 terram
1081 1605 1218 1647 Veluti
1250 1604 1544 1659 promissionis
1577 1604 1761 1646 alteram
1793 1603 1916 1645 vobis

148 1671 443 1723 exhibiturus,
499 1672 771 1714 Pharaonem
815 1670 1048 1713 submersit
1092 1685 1188 1712 cum
1232 1669 1319 1711 suis
1364 1669 1632 1723 Aegiptiacis
1677 1668 1871 1711 curribus
1886 1670 1915 1717 3,

147 1739 278 1790 atque
309 1736 354 1778 in
384 1737 558 1791 plenam
589 1740 637 1780 ut
668 1737 918 1779 libertatem
948 1750 1027 1777 vos
1060 1738 1278 1778 assereret
1310 1734 1402 1785 sibi,
1436 1749 1513 1788 per
1546 1734 1737 1776 calcatas
1769 1733 1917 1775 mundi

146 1801 373 1844 illecebras
414 1803 497 1844 huc
538 1803 709 1844 demum
740 1801 925 1843 vinculis
968 1801 1195 1855 expeditos
1228 1800 1423 1842 omnibus
1456 1799 1671 1854 provexit.
1734 1798 1918 1841 Accedit

146 1866 323 1921 insuper
362 1867 443 1909 hoc
483 1867 704 1920 singulare
746 1866 1036 1916 commodum,
1080 1866 1117 1907 si
1156 1865 1237 1907 Dei
1271 1865 1369 1919 Opt.
1404 1865 1520 1907 Max,
1564 1863 1916 1918 probatissimam

146 1931 418 1974 voluntatem
460 1931 756 1985 disquirimus,
799 1945 878 1972 nos
918 1930 1119 1972 nimirum
1159 1944 1213 1972 ne
1252 1929 1449 1971 horulam
1483 1928 1655 1981 quidem
1694 1927 1917 1981 colloquiis

147 1996 431 2038 familiaribus
454 2011 705 2039 consumere
727 1996 919 2047 sinimur,
953 1998 1001 2038 ut
1024 2010 1198 2037 causam
1221 1995 1492 2036 inveniamus
1515 1993 1736 2048 optimam,
1764 2007 1916 2035 verum

147 2061 362 2103 amicitiae
394 2065 569 2104 nostrae
600 2064 871 2116 proventum.
935 2061 977 2102 Is
1008 2075 1094 2102 non
1127 2074 1353 2114 corporum
1391 2058 1689 2101 coniunctione
1723 2057 1789 2111 (ut
1821 2058 1916 2099 vul-

147 2139 228 2179 gus
268 2125 487 2168 hominum
527 2129 809 2180 praepostere
842 2125 966 2178 facit)
999 2125 1121 2167 nobis
1153 2125 1396 2167 metiendus
1429 2126 1516 2174 est,
1559 2124 1634 2165 sed
1676 2123 1915 2165 animorum

147 2190 434 2243 aequalitate,
479 2205 528 2233 ac
569 2192 844 2233 voluntatum
887 2189 1116 2232 concordia
1159 2192 1344 2232 constat.
1408 2188 1593 2230 Proinde
1635 2203 1763 2241 quum
1806 2202 1915 2230 unus

145 2254 344 2308 idemque
367 2256 609 2298 CHRISTO
634 2255 852 2297 serviendi
882 2258 1063 2297 conatus
1086 2269 1163 2297 nec
1190 2255 1336 2309 dispar
1359 2268 1508 2295 cursus
1541 2254 1662 2295 nobis
1696 2252 1913 2305 obtigerit,

147 2319 327 2363 afflante
358 2320 559 2362 nimirum
591 2321 887 2363 sacratissimo
919 2320 982 2362 ita
1013 2320 1192 2374 spiritu,
1229 2334 1310 2372 quo
1344 2321 1470 2373 pacto
1504 2333 1589 2360 non
1621 2317 1778 2370 ubique
1811 2331 1914 2359 con-

145 2384 279 2426 iuncti
301 2388 476 2427 sumus?
510 2400 620 2440 quae
642 2386 835 2428 locorum
856 2385 1134 2440 intercapedo
1157 2399 1235 2426 nos
1259 2384 1500 2426 distrahet?
1535 2383 1704 2436 quando
1726 2382 1911 2424 invicem

146 2449 292 2492 videre
337 2453 380 2492 et
425 2451 610 2504 colloqui
652 2451 960 2505 prohibemur?
1036 2451 1125 2492 Aut
1169 2449 1205 2491 si
1248 2449 1611 2504 perfectissimam
1659 2447 1914 2489 convivendi

147 2513 359 2556 rationem
382 2515 659 2568 exquirimus,
694 2515 794 2568 quid
817 2518 1051 2569 expectare
1072 2515 1262 2565 tandem,
1297 2517 1373 2556 aut
1397 2514 1659 2567 desyderare
1686 2526 1913 2566 possumus

147 2578 328 2629 fratres,
370 2579 452 2620 nisi
492 2582 591 2633 post
631 2580 932 2622 brevissimum
974 2580 1098 2621 huius
1130 2580 1248 2622 vitae
1282 2579 1541 2620 curriculum
1574 2578 1628 2620 ad
1660 2578 1912 2631 perbeatam

146 2642 265 2684 illam
307 2644 590 2697 commigrare
630 2645 839 2698 patriam,
882 2645 925 2686 in
958 2659 1042 2697 qua
1084 2645 1202 2685 nulla
1243 2644 1394 2686 mortis
1426 2643 1582 2684 iniuria
1613 2656 1691 2683 nos
1724 2642 1911 2693 dirimat,

147 2708 289 2749 nullus
326 2709 537 2750 malorum
579 2709 765 2763 impetus
805 2710 1005 2762 frangat,
1049 2710 1124 2751 sed
1164 2708 1422 2750 immortalis
1455 2708 1526 2748 ille
1558 2710 1684 2761 pater
1716 2707 1910 2757 assistat,

149 2773 307 2815 delitiis
340 2787 417 2815 nos
450 2774 646 2815 omnibus
679 2775 878 2828 expleat,
913 2774 1094 2827 deniquo
1128 2774 1475 2815 charissimorum
1509 2773 1694 2814 fratrum
1726 2772 1913 2814 societas

147 2838 459 2880 beatitudinem
493 2841 683 2891 augeat?
731 2839 839 2880 Tum
871 2853 974 2880 vcro
999 2838 1133 2891 (Deus
1164 2837 1292 2890 bone)
1326 2852 1454 2890 quam
1477 2837 1797 2891 voluptuarium
1830 2837 1913 2879 erit

267 2962 280 2976 ⁵³
303 2969 408 2991 veros
435 2960 471 2991 et
493 2958 710 2992 exercitatos
729 2958 763 2991 in
783 2957 924 2992 Christo
944 2957 1071 2991 Patres
1089 2957 1246 2991 nancisci
1267 2958 1401 3001 Sat-cla,
1428 2958 1638 3001 «pomulam
1658 2970 1760 3001 mon„
1788 2959 1910 3001 Ayrie.

266 3009 280 3029 b
304 3012 348 3044 In
386 3012 607 3055 (ιιιΐοῃναῃῆο
645 3013 702 3044 hic
739 3013 875 3045 litterae
907 3012 1048 3055 aliqum*
1077 3012 1211 3044 desunt.
1261 3010 1463 3054 Aliquando
1493 3011 1620 3044 hahent
1652 3012 1797 3053 Sca-cle„
1838 3013 1910 3045 cod.

149 3074 295 3107 ›nolim-7
322 3065 443 3107 Ayrie.
589 3070 599 3083 0
626 3066 878 3109 comparantur
905 3064 1038 3104 Saveh„
1067 3065 1187 3107 Ayric.
1333 3063 1346 3082 *¹
1372 3066 1409 3097 ut
1436 3063 1516 3097 sitis
1544 3063 1645 3098 vobis
1672 3066 1793 3107 Amic.

271 3174 280 3194 ¹
307 3173 327 3207 2
355 3172 433 3207 Cor.
461 3175 491 3215 6,
521 3174 551 3208 1.
698 3174 710 3193 ‘²
737 3173 757 3207 2
785 3173 862 3208 Cor.
893 3174 922 3213 1,
950 3172 981 3206 3.
1130 3172 1141 3192 ³
1168 3171 1220 3206 Cf.
1249 3172 1360 3206 Exod.
1390 3173 1443 3213 15,
1474 3172 1598 3207 1—20.
