2113 3430
235 187 320 228 596
688 184 765 219 192.
802 183 966 218 Canisius
993 183 1116 218 Ottoni
1144 185 1316 221 cardinali
1341 186 1551 222 Truchsess.

235 314 285 342 ac
317 313 494 341 manere
526 299 685 351 velint,
729 300 990 354 doleantque
1031 316 1117 344 11011
1156 316 1310 357 parum
1343 317 1389 345 se
1420 303 1501 346 hac
1542 304 1811 348 subditorum
1848 304 2008 360 impor-

232 364 423 407 tunitate
455 365 631 415 vexari,
664 368 813 408 tamen
845 369 962 409 metu
996 366 1140 420 aliquo
1173 367 1473 419 debilitantur,
1509 372 1552 412 et
1582 369 1752 412 iactura
1782 370 2006 421 bonorum,

234 433 278 473 et
318 429 474 472 iniuria
514 433 781 484 temporum,
825 430 1149 474 increbrescens
1191 446 1242 475 ac
1282 432 1552 476 inualescens
1595 434 1757 489 passim
1799 434 2007 485 haeresiS,

233 495 415 546 raritas,
460 498 757 550 contemptus,
801 499 845 539 et
879 497 1037 538 abusus
1068 497 1289 539 hominum
1321 497 1749 551 Ecclesiasticorum,
1786 499 2008 542 dissidium

233 560 565 603 Monarcharum
584 594 593 612 ,
645 575 870 603 successus
914 562 1286 614 aduersariorum,
1341 563 1648 607 dormitantiaa
1697 566 2007 620 praelatorum,

234 629 429 677 euentus,
463 628 506 668 et
539 626 683 669 exitus
704 626 900 669 infelices
924 627 1208 679 comitiorum,
1238 628 1401 682 Synodi
1433 642 1531 671 sera
1562 630 1820 684 progressio,
1854 631 2008 684 longa-

234 705 316 745 que
348 691 683 746 procrastinatio
701 692 729 743 1,
763 694 812 735 ut
844 692 1011 746 reliqua
1039 695 1327 747 praeteream,
1361 696 1526 747 augent
1547 708 1652 736 sane
1674 709 1800 737 curas
1820 696 2006 746 illorum,

233 770 312 798 1160
345 756 553 798 sollicitos
575 757 715 807 modo,
749 757 825 799 sed
846 757 938 799 fere
972 758 1254 812 desperantes
1275 758 1319 800 in
1341 758 1407 800 his
1439 758 1575 802 tantis
1597 759 1784 802 motibus
1806 761 2005 804 reddunt.

233 822 291 865 Et
322 821 444 864 fouet
474 821 642 864 interea
674 822 816 865 laetus
849 822 1015 865 Sathan
1047 823 1339 866 miserandum
1371 823 1628 875 incendium,
1663 825 1763 866 dum
1793 839 1872 880 per
1902 825 2007 868 hae-

232 887 393 930 reticos
426 887 642 930 abstrahit
674 888 728 930 ab
761 887 863 930 ouili
889 888 1047 930 Christi
1081 903 1185 931 oues
1217 888 1354 931 indies
1387 888 1526 942 magis
1559 903 1610 931 ac
1634 890 1787 944 magis,
1821 890 2006 944 dumque

232 966 311 1007 per
350 952 638 1006 magistratus
680 952 752 1006 qui
793 953 874 995 sibi
915 954 1125 996 Catholici
1166 953 1370 997 uidentur
1401 954 1756 998 Ecclesiasticam
1797 955 2008 998 Jurisdic-

232 1017 394 1060 tionem
428 1020 632 1069 eneruat,
678 1021 723 1061 et
764 1017 990 1073 opprimit,
1036 1022 1084 1062 ut
1116 1019 1307 1062 nesciam
1339 1034 1444 1062 sane
1477 1020 1578 1073 quid
1610 1020 1718 1063 satis
1749 1034 1931 1074 usquam
1962 1021 2007 1063 in

235 1082 468 1124 Germania
499 1086 643 1126 tutum
675 1083 734 1126 sit
765 1098 791 1126 a
823 1083 948 1137 graui
980 1084 1171 1138 periculo
1204 1085 1383 1127 Maioris
1415 1085 1886 1128 Excommunicationis
1901 1086 1930 1128 2.

353 1147 461 1198 Quid
503 1151 648 1191 autem
681 1163 766 1190 non
807 1150 1020 1201 audeant,
1064 1149 1217 1203 quibus
1249 1153 1340 1193 tam
1374 1165 1527 1205 parum
1558 1150 1680 1202 fidei,
1723 1150 2008 1202 obedientiae,

234 1216 278 1256 et
311 1212 600 1255 conscientiae
632 1228 745 1256 nunc
777 1228 907 1269 super
939 1217 1028 1266 est,
1070 1218 1302 1270 postquam
1335 1215 1558 1266 credendi,
1599 1218 1644 1258 et
1675 1215 1832 1269 agendi
1863 1215 1907 1258 in
1938 1229 2007 1258 re-

232 1278 392 1331 ligione
424 1278 637 1333 impunita
668 1279 845 1322 licentia
868 1280 1008 1322 nullos
1030 1295 1116 1322 non
1149 1280 1399 1332 deteriores,
1434 1283 1478 1323 et
1501 1295 1526 1323 a
1547 1281 1648 1335 iugo
1671 1281 2009 1324 Ecclesiasticae

234 1343 486 1398 disciplinae
519 1345 834 1397 quodammodo
867 1345 1151 1388 abhorrentes
1183 1346 1300 1389 fecit.

352 1410 529 1451 Morbos
560 1409 747 1451 indicaui
769 1424 849 1452 nec
871 1408 1049 1462 frustra,
1084 1414 1132 1454 ut
1164 1425 1304 1465 spero,
1340 1412 1451 1466 apud
1475 1411 1644 1454 fidelem
1667 1411 1902 1454 medicum:
1936 1411 2008 1465 qui

233 1474 425 1517 remedia
458 1474 565 1516 duce
588 1475 757 1518 Christo
789 1475 983 1518 inuenire
1016 1479 1060 1519 et
1083 1476 1287 1518 adhibere
1310 1476 1493 1527 nouerit,
1526 1477 1785 1531 praesertim
1815 1477 1871 1519 ad
1891 1476 2009 1519 miti-

234 1540 437 1594 gandum,
471 1539 506 1581 si
539 1554 625 1582 non
657 1541 711 1582 ad
745 1540 1046 1595 depellendum
1078 1541 1159 1584 hoc
1185 1542 1346 1584 malum
1378 1541 1683 1585 inueteratum.
1732 1542 1885 1595 Neque
1916 1544 2008 1584 tam

234 1605 418 1647 sollicite
459 1619 572 1647 nunc
605 1619 688 1659 ago
722 1606 773 1647 de
807 1606 998 1648 curanda
1029 1609 1125 1649 tota
1159 1607 1413 1657 Germania,
1457 1621 1566 1661 quae
1599 1607 1764 1649 utinam
1796 1608 1932 1649 bonos
1965 1609 2009 1650 et

234 1670 452 1724 patientes
484 1670 673 1712 medicos
705 1671 893 1724 undique
925 1671 1161 1714 accersitos
1194 1672 1390 1726 accipere
1421 1672 1580 1726 possit,
1615 1686 1743 1726 quam
1776 1672 2009 1725 diligenter

235 1736 477 1778 consultum
510 1736 634 1790 cupio
667 1736 834 1778 duabus
866 1736 1107 1791 prouintijs,
1141 1751 1252 1790 quae
1277 1737 1488 1780 hactenus
1520 1738 1590 1780 uel
1613 1738 1744 1788 solae,
1777 1737 1848 1779 uel
1879 1751 2007 1791 prae-

235 1801 385 1855 cipuae
418 1801 684 1843 Catholicum
717 1815 873 1843 110111611
905 1801 1196 1854 retinuerunt,
1230 1805 1362 1856 atque
1395 1803 1509 1857 apud
1540 1802 1705 1845 vicinos
1738 1802 1869 1845 etiam
1902 1802 2006 1856 Epi-

234 1881 387 1921 scopos
430 1870 754 1909 conseruarunt.
818 1867 925 1909 Illae
957 1867 993 1909 si
1033 1867 1222 1922 praedae
1262 1869 1370 1910 fiant
1410 1867 1607 1923 sectarijs
1649 1867 1720 1921 (de
1752 1867 1931 1909 Austria
1963 1870 2008 1909 et

235 1932 423 1974 Bauaria
463 1931 633 1985 loquor)
676 1935 752 1974 aut
785 1932 821 1973 si
852 1946 937 1974 non
969 1933 1190 1987 praesenti
1230 1933 1399 1976 ratione
1440 1934 1627 1986 quadam
1659 1933 1713 1975 ab
1745 1933 1826 1975 hoc
1858 1932 2005 1974 furore

235 1997 527 2048 abducantur,
571 2011 653 2050 quo
694 1997 886 2040 minitari
929 1997 1060 2039 etiam
1101 1998 1262 2040 audent
1294 1998 1585 2053 Principibus,
1625 1997 1893 2051 liberumque
1924 1996 2005 2039 sibi

235 2063 387 2105 uolunt
418 2062 572 2104 Calicis
603 2076 741 2112 vsum,
775 2065 823 2105 ut
863 2062 1046 2104 vinum
1087 2063 1353 2106 hauriant
1393 2063 1762 2118 impietatisss,
1806 2062 2003 2116 equidem

235 2142 320 2169 11011
360 2127 512 2178 video,
559 2127 660 2181 quid
700 2127 743 2168 111
784 2127 941 2170 vicinia
985 2130 1128 2170 tutum
1169 2131 1214 2172 et
1253 2128 1471 2182 integrum
1514 2129 1585 2171 diu
1625 2141 1801 2171 manere
1842 2127 2001 2182 possit:

354 2266 368 2281 ³
391 2262 517 2295 Altera
543 2272 652 2294 vicum
680 2263 830 2305 antiqua
856 2262 920 2294 hoc
947 2262 1169 2302 vocabulum,
1205 2262 1300 2295 linea
1328 2262 1493 2305 inducta,
1532 2262 1680 2294 deletum
1706 2265 1736 2293 et
1765 2271 1877 2303 supra
1911 2261 2000 2294 illud

236 2317 405 2358 scre'ptwn
435 2319 502 2348 est:
527 2313 775 2348 somnolentia.

237 2444 317 2466 011111
351 2431 452 2465 initio
488 2430 571 2464 anni
606 2431 695 2464 1556
722 2430 898 2464 Bavariae
934 2430 1075 2464 ordines
1110 2430 1339 2464 Monachium
1375 2428 1562 2463 convocati
1595 2430 1734 2469 essent,
1774 2430 1892 2462 status
1927 2439 2001 2462 sae-

236 2485 391 2526 culares,
428 2496 516 2528 quos
551 2486 702 2525 vocant,
739 2484 780 2517 de
816 2483 950 2517 auxilio
985 2483 1189 2527 argentario
1225 2495 1245 2517 a
1281 2483 1369 2517 duce
1404 2482 1516 2527 petito
1551 2494 1595 2515 ne
1631 2481 1833 2516 consultare
1860 2481 2003 2525 quidem

237 2538 445 2578 voluerunt,
472 2537 681 2582 priusquam
708 2536 908 2571 communio
934 2537 1000 2571 sub
1027 2539 1179 2580 utraque
1206 2536 1344 2581 specie,
1380 2535 1527 2569 licentia
1553 2535 1710 2569 carnium
1738 2546 1880 2579 semper
1906 2545 2002 2568 man-

238 2592 491 2632 ducandarum,
518 2590 746 2624 matrimonia
772 2590 998 2624 sacerdotum
1026 2592 1092 2624 etc.
1121 2589 1188 2623 sibi
1215 2600 1385 2624 concessa
1412 2591 1533 2623 essent
1561 2588 1615 2632 (C.
1643 2589 1693 2622 M.
1722 2599 1748 2622 ι’.
1768 2590 1907 2631 Aretin,
1935 2587 2001 2622 Ge-

237 2645 398 2679 sohichte
425 2644 487 2678 des
513 2643 749 2688 bayerischen
777 2643 939 2686 Herzogs
966 2643 1037 2677 und
1063 2643 1281 2677 Kurfiirsten
1307 2642 1532 2676 Maximilian
1567 2642 1630 2675 des
1655 2641 1784 2675 Ersten
1807 2641 1823 2674 I
1850 2640 2001 2685 [Passau

240 2698 354 2742 1842],
382 2697 532 2732 79—80.
576 2698 752 2740 Knit'pfler
778 2697 800 2731 l.
828 2708 857 2730 0.
886 2708 917 2741 p.
946 2696 1073 2732 6--20.
1117 2698 1166 2730 W.
1196 2697 1392 2740 Schrez’ber,
1420 2695 1636 2730 Geschichte
1662 2694 1826 2739 Bayerns
1852 2694 1867 2728 I
1893 2692 2001 2737 [Frei-

238 2752 328 2795 burg
354 2752 375 2785 i.
403 2751 461 2785 Br.
492 2750 608 2794 1889J,
636 2750 714 2784 525.
743 2750 958 2793 542—543).

359 2808 367 2825 ¹
396 2803 593 2838 Concilium
625 2803 858 2837 tridentinum
894 2814 985 2837 anno
1015 2803 1105 2837 1552
1140 2804 1285 2847 propter
1319 2802 1415 2836 bella
1447 2804 1483 2836 et
1516 2801 1672 2835 maxime
1706 2802 1853 2846 propter
1888 2798 1999 2833 rebel-

238 2858 366 2891 lionem
403 2870 423 2891 a
449 2856 618 2890 Mauritio
644 2856 820 2890 Saxoniae
856 2856 1009 2890 electore
1045 2856 1219 2890 adversus
1247 2855 1412 2890 Carolum
1439 2855 1480 2889 V.
1517 2854 1650 2888 factam
1687 2854 1732 2888 ad
1767 2853 1854 2887 duos
1889 2863 2000 2885 annos

238 2921 451 2954 suspensum
490 2912 568 2943 crat
604 2921 720 2953 neque
755 2909 886 2943 resumi
914 2910 1031 2954 potuit
1060 2909 1161 2953 (licet
1187 2908 1321 2943 Paulus
1348 2908 1408 2942 IV.
1437 2908 1539 2942 annis
1567 2907 1657 2941 1556
1684 2909 1720 2940 et
1747 2906 1836 2940 1559
1864 2904 1897 2938 id
1924 2907 1999 2938 ten·

239 2963 347 2997 131011
376 2966 458 2996 ante
485 2974 617 2996 annum
646 2963 746 2996 1:361.

358 3017 370 3035 ²¹
397 3015 500 3049 Bulla
531 3016 708 3058 „Coenae“
741 3015 1062 3049 excommunicatio
1088 3015 1314 3058 irrogabatur
1338 3014 1404 3055 iis,
1432 3013 1491 3057 qui
1518 3012 1797 3047 iurisdictionem
1824 3010 1881 3044 vel
1908 3011 1999 3045 bona

240 3067 412 3101 ccclesiae
439 3070 655 3112 usurparent
680 3068 738 3101 vel
767 3080 807 3102 ca
834 3068 1113 3109 constituerent,
1152 3068 1281 3112 quibus
1316 3066 1487 3101 ecclesiae
1522 3065 1669 3099 libertas
1703 3064 1905 3098 laederetur
1931 3067 1998 3098 etc.

240 3120 293 3153 Cf.
321 3132 429 3163 supra
455 3132 486 3163 1¹.
515 3121 594 3154 479.

361 3174 373 3191 ³
404 3173 621 3214 „Coun-dunt
650 3185 776 3218 panem
804 3173 1011 3218 impictatis,
1039 3177 1075 3207 et
1100 3173 1222 3207 vinum
1249 3171 1449 3216 iniquitatis
1474 3170 1642 3205 bibunt“:
1669 3169 1775 3203 Prov.
1801 3170 1833 3211 4,
1862 3170 1915 3203 17.
