2113 3430
472 202 551 236 207.
586 202 789 236 Fridericus
815 200 1012 246 Staphylus
1039 200 1191 235 Canisio.
1237 201 1289 235 14.
1317 201 1408 235 Iunii
1437 201 1537 235 1556.
1803 203 1887 244 635

246 317 302 351 Ex
323 317 538 362 apographo,
565 318 609 352 ab
635 317 712 363 ipso
738 316 919 351 Scribonio
946 327 976 350 a.
998 316 1089 350 1564
1115 327 1159 349 ex
1178 316 1332 361 epistula
1357 316 1554 362 archetypa
1580 316 1768 361 descripto,
1795 317 1889 361 quod

127 383 221 405 nunc
246 371 282 404 in
308 370 454 404 archivo
481 371 630 416 capituli
655 369 920 415 metropolitani
946 368 1135 414 pragensis
1162 371 1293 409 exstat,
1319 370 1510 414 epistulam
1538 369 1649 404 edidit
1671 371 1718 404 CI.
1737 366 1888 419 I}0›·oz·gs',

128 424 274 458 Iednani
300 435 321 457 a
347 423 473 468 dopisy
499 427 566 458 etc.
605 423 665 468 (cf.
693 434 801 468 supra
826 434 860 467 p.
887 422 970 463 599)
1001 422 1052 462 ΙΙ,
1089 421 1168 455 389.
1219 422 1353 456 Eadem
1388 422 1542 467 epistula
1574 424 1630 456 est
1654 423 1689 456 in
1722 422 1889 468 „Casopis

128 476 357 511 katolickeho
384 476 674 511 duchovenstva“
707 474 831 520 (1875)
863 487 896 519 p.
924 475 1026 509 5—6.

247 553 300 586 De
326 554 538 585 monasterio
568 552 690 595 Oybz'u.
741 552 933 584 Pecuniam
960 555 1079 582 mutuo
1100 552 1198 593 petit.

626 632 879 674 Reverende
912 631 955 672 in
988 631 1158 674 Christo
1191 632 1386 675 Domine.

247 710 287 751 S.
321 709 367 751 P.
433 709 606 751 Gratias
639 709 841 750 debemus
873 708 964 749 Deo
1000 707 1098 761 opt.
1133 708 1264 757 Max„
1299 709 1411 761 quod
1444 708 1642 751 confecta
1673 708 1760 751 sint
1790 712 1889 751 tan-

128 775 225 816 dem
265 774 442 828 negotia
481 776 643 816 nostra.
712 774 843 816 Jussu
884 772 1048 826 Regiae
1089 773 1190 826 Maj.
1233 773 1502 815 Zitavienses
1546 773 1731 823 habent,
1777 774 1889 827 quod

128 840 371 882 voluerunt.
434 839 595 880 Prioris
637 852 768 880 causa
809 837 1012 891 expedita
1053 839 1172 888 estl,
1219 840 1262 879 et
1304 838 1450 880 debita
1493 839 1606 880 unde
1650 839 1888 889 solvantur,

130 904 428 947 constitutum.

247 969 455 1019 Quoniam
488 983 590 1010 vero
628 968 694 1010 die
726 968 954 1010 hesterna‘¹
986 967 1173 1009 Thomas
1206 970 1352 1010 vester
1390 971 1516 1022 pater
1556 968 1745 1010 familias
1787 968 1891 1010 emit

129 1034 247 1087 ligna
277 1048 354 1088 pro
386 1031 555 1083 nobisb,
589 1037 633 1076 et
664 1047 775 1074 nunc
808 1026 933 1074 mane
966 1033 1175 1074 solvenda
1206 1033 1478 1087 promiserat,
1515 1047 1589 1075 oro
1621 1032 1890 1086 Dignitatem

128 1103 270 1149 tuam,
303 1098 531 1153 providere
564 1097 785 1152 dignetur,
825 1100 868 1140 et
900 1101 1048 1140 mutuo
1083 1098 1186 1139 dare
1218 1097 1403 1139 sedecim
1436 1100 1668 1151 argenteos
1700 1112 1776 1140 seu
1807 1098 1892 1140 tal-

130 1164 286 1206 leros⁰:
330 1178 411 1217 ego
444 1178 499 1205 ex
530 1163 603 1213 iis,
640 1177 749 1217 quae
783 1163 910 1205 debet
942 1163 1324 1213 Bartholomaeus,
1358 1166 1402 1205 et
1433 1161 1530 1205 alii*
1562 1178 1640 1217 pro
1673 1163 1891 1205 Catechis-

131 1229 211 1271 mis
226 1230 256 1279 2,
290 1229 402 1271 bona
432 1229 515 1271 fide
546 1229 793 1271 reddam⁸3.

251 1294 384 1348 Spero
427 1293 557 1336 etiam
597 1307 772 1348 prorsus
813 1292 929 1343 fore,
973 1295 1021 1335 ut
1058 1296 1158 1347 post
1198 1293 1279 1334 hac
1320 1307 1538 1346 nunquam
1577 1293 1634 1335 sit
1672 1306 1778 1346 opus
1817 1307 1891 1335 aes

131 1359 319 1401 alienum
352 1359 628 1402 contrahere:
662 1358 761 1412 quia
793 1360 990 1412 sumptus
1022 1361 1255 1412 suppetent
1287 1358 1512 1401 constituti
1527 1359 1557 1400 4.

250 1424 458 1466 Dominus
489 1424 618 1466 Jesus
649 1423 882 1466 nobiscum.

251 1515 406 1560 Tempus
441 1515 523 1550 huic
557 1515 732 1561 epistulae
765 1514 960 1560 ascriptum
997 1527 1066 1549 non
1104 1516 1176 1556 est,
1213 1515 1275 1549 sed
1311 1527 1356 1548 ex
1391 1515 1516 1556 rebus,
1553 1526 1643 1558 quae
1678 1514 1892 1554 scribuntur,

133 1568 370 1612 cognoscitur.
429 1569 667 1603 Zittavienses
705 1569 798 1602 enim
841 1568 1049 1602 monasterii
1087 1567 1205 1613 Oybin
1244 1567 1587 1602 administrationem
1629 1579 1751 1601 mense
1793 1567 1893 1600 Iunio

133 1633 163 1656 a.
194 1622 283 1656 1556
318 1623 582 1666 acceperunt⁵;
616 1621 780 1656 Canisius
814 1621 867 1655 11.
898 1621 984 1655 [unii
1014 1622 1103 1655 1556
1139 1633 1184 1655 ex
1211 1633 1250 1655 eo
1286 1621 1501 1655 monasterio
1536 1621 1691 1664 Pragam
1726 1620 1832 1654 rediit
1857 1622 1894 1653 et

132 1675 198 1709 sub
224 1674 365 1709 initium
391 1675 524 1709 mensis
550 1675 706 1719 Augusti
731 1674 812 1708 inde
839 1674 1005 1708 discessit
1020 1674 1042 1708 G.

947 1792 1077 1834 ⁶207.

542 1884 986 1928 PRIDERIGUS
1021 1883 1477 1936 STAPHYLUS,

462 1972 674 2006 Ferdinandi
699 1973 725 2007 Ι.
753 1973 977 2007 consiliarius
1004 1975 1039 2007 et
1064 1972 1209 2006 scholae
1234 1972 1408 2006 nissensis
1435 1973 1560 2011 rector,

875 2052 1148 2099 CANISIO.

801 2151 905 2188 Nissa
931 2152 978 2188 14.
1009 2151 1100 2188 Iunii
1126 2151 1219 2188 1556.

253 2234 307 2267 Ex
332 2234 528 2279 archetypo
557 2234 633 2277 (20;
660 2246 692 2279 p.
714 2235 752 2275 1;
779 2236 814 2269 in
832 2247 864 2280 p.
883 2236 915 2269 4.
944 2235 1080 2278 inscr.),
1108 2235 1200 2279 quod
1228 2234 1402 2279 Staphylo
1430 2233 1587 2267 dictante
1614 2233 1657 2266 ab
1684 2232 1892 2266 amanuensi

132 2287 253 2330 ignoto
279 2287 453 2332 scriptum
480 2288 553 2327 est;
580 2287 802 2332 inscriptioni
829 2288 994 2323 Canisius
1020 2288 1226 2322 adnotavit:
1268 2287 1441 2332 „Staphili
1471 2287 1590 2320 1556.“
1647 2285 1730 2320 Cod.
1757 2296 1892 2319 monac.

137 2339 302 2385 „Sci-iptt.
330 2340 409 2374 coll.
436 2340 605 2384 Ingolst.“
635 2341 659 2375 f.
685 2341 730 2376 40
756 2343 792 2375 et
816 2353 891 2386 seq.
918 2354 987 2376 non
1014 2342 1167 2385 signato.

250 2446 263 2460 ἃ
284 2439 361 2473 heri
387 2441 472 2473 Bor.
615 2437 630 2458 b
653 2440 738 2473 Bor.
764 2440 848 2473 haec
873 2442 942 2473 (luo
969 2441 1070 2473 rerba
1100 2452 1169 2474 teron
1191 2441 1323 2483 posuit.

249 2499 260 2512 ⁰
286 2494 380 2533 dare,
406 2491 561 2526 sedecim
587 2492 732 2526 talleros
757 2494 842 2527 Bor.
869 2494 973 2538 idque
996 2495 1148 2536 fortasse
1175 2495 1315 2526 rectius.
1461 2491 1474 2511 *¹
1498 2491 1577 2525 aliis
1605 2493 1689 2525 Bor.

250 2551 263 2566 ‘³
286 2548 371 2580 Bor.
398 2550 478 2579 ante
503 2545 594 2579 bona
618 2545 688 2579 fide
714 2551 772 2580 etc.
799 2547 883 2579 haec
907 2548 1028 2580 habet:
1063 2546 1188 2580 deinde
1224 2546 1342 2580 solvet
1377 2557 1422 2579 ex
1458 2544 1617 2589 pecuniis
1653 2555 1743 2587 quas
1768 2543 1892 2577 statim

133 2599 404 2634 Zitaviensibus.

255 2700 263 2719 ¹
290 2698 482 2733 ssalthasar
501 2697 713 2732 Gottschalk
740 2698 820 2732 inde
840 2710 859 2732 a
877 2710 998 2732 mense
1017 2698 1217 2743 Septembri
1236 2697 1318 2731 anni
1340 2698 1429 2732 1555
1455 2696 1659 2730 monasterii
1688 2695 1893 2740 oybinensis

136 2752 268 2797 „prior'⁴
300 2751 514 2789 vocabatur.
549 2763 664 2795 neque
699 2763 783 2785 vero
818 2751 910 2785 alius
944 2754 1087 2796 practer
1122 2763 1201 2784 eum
1237 2753 1424 2795 supererat
1458 2749 1654 2783 monachus
1691 2749 1751 2792 (cf.
1784 2760 1893 2793 supra

132 2818 165 2851 p.
192 2805 302 2841 4962:
340 2804 443 2850 plura
468 2804 503 2837 in
530 2804 685 2838 secundo
712 2804 919 2847 volumine).
974 2805 1026 2838 Ex
1061 2804 1254 2848 diplomate
1290 2804 1443 2848 quodam
1470 2802 1638 2847 pragensi
1665 2801 1894 2845 cognoscitur

133 2870 213 2893 eum
240 2859 309 2892 iam
336 2869 427 2892 anno
448 2857 537 2891 1552
555 2857 741 2902 pecuniam
761 2868 915 2890 annuam
934 2868 954 2891 a
972 2857 1194 2890 Ferdinando
1212 2857 1394 2901 accepisse
1416 2856 1589 2899 (Sclmnidl
1607 2855 1628 2889 l.
1649 2867 1678 2889 c.
1698 2855 1723 2896 1,
1742 2854 1892 2889 91—92.

133 2913 326 2946 Asoschkan
354 2911 376 2945 l.
404 2922 433 2944 c.
460 2922 492 2955 p.
523 2910 717 2944 143—144.
748 2910 844 2952 155).
989 2910 1002 2930 “²
1029 2910 1081 2943 Cf.
1109 2921 1217 2954 supra
1244 2922 1275 2954 p.
1304 2909 1407 2943 6112.

253 2965 266 2985 ⁸
297 2964 501 2998 Scribonius
538 2963 590 2997 1⁴2.
628 2963 783 3006 Augusti
820 2963 909 2996 1564
952 2962 1163 2996 consiliariis
1199 2973 1360 2995 camerae
1396 2961 1516 3004 regiae
1550 2960 1695 3006 scripsit
1729 2972 1767 2994 se
1802 2960 1894 2994 hauc

132 3017 318 3063 pecuniam
338 3016 479 3050 Canisio
506 3028 551 3050 ex
576 3015 717 3060 proprio
744 3015 957 3060 privatoque
983 3026 1064 3048 acre
1083 3027 1146 3048 suo
1173 3014 1313 3048 dedisse
1343 3010 1497 3057 (Borory'
1524 3014 1545 3047 l.
1566 3026 1594 3047 c.
1622 3026 1654 3058 p.
1676 3013 1892 3056 388—390).

250 3072 262 3091 ‘¹
290 3069 487 3113 Collegium
513 3080 689 3114 pragense
715 3070 839 3112 postca
865 3070 922 3101 sat
948 3068 1035 3102 bene
1063 3068 1223 3101 dotatum
1250 3069 1305 3101 est
1333 3068 1398 3111 (W.
1421 3069 1483 3101 Wl.
1514 3068 1650 3111 Twzelc,
1678 3066 1893 3101 Greschichte

132 3123 194 3158 der
220 3124 356 3167 Prager
383 3121 609 3156 Universitiit
636 3120 745 3165 [Prag
775 3120 878 3164 1849]
906 3133 938 3165 p.
970 3121 1183 3163 159—161).

251 3177 264 3197 ⁵
290 3176 404 3221 Supra
430 3188 463 3220 p.
491 3175 689 3209 626—627.
835 3175 847 3194 ⁰
874 3174 964 3207 Vide
991 3174 1093 3215 infra,
1121 3175 1349 3207 monunwnta
1376 3172 1681 3216 ingolstadiensia.
