2113 3430
219 192 276 233 94
646 189 678 223 7.
713 188 753 223 Β.
782 188 912 223 Petrus
937 188 1053 223 Faber
1079 188 1233 224 Canisio.
1267 188 1324 224 21.
1349 189 1442 224 Iunii
1469 189 1570 225 1543.

338 304 546 346 Dominus
577 303 797 346 Joannesl
839 306 956 346 esset
988 306 1217 347 contentus
1257 304 1406 358 paucis
1446 307 1496 348 vt
1535 305 1620 349 cito
1660 308 1809 360 posset
1844 305 1986 348 redire

216 370 273 412 ad
318 384 420 419 vos,
467 368 664 410 dominus
709 371 854 411 autem
898 368 1082 411 Daniel2
1125 369 1233 411 adeo
1279 369 1397 423 cupit
1440 370 1553 413 bona
1595 371 1742 413 finalia
1782 374 1826 414 et
1868 370 1986 425 ipsos

217 436 410 484 fructus,
455 436 504 476 vt
535 433 654 476 nulla
686 433 828 475 media
861 434 916 475 ad
948 434 1114 475 lucrum
1147 434 1348 488 deputet,
1391 435 1579 477 nondum
1620 436 1826 490 intelligit
1857 450 1986 489 quam

220 501 332 541 bona
365 498 422 542 sit
454 498 681 552 acquisitio
714 498 953 552 spiritualis
986 499 1101 553 aurj,
1145 498 1324 541 Vtinam
1360 498 1452 553 ipse
1483 503 1632 554 posset
1662 501 1786 543 iuxta
1819 500 1987 543 deside-

220 564 380 607 riorum
413 563 573 606 famem
606 566 651 606 et
683 563 799 606 sitim
813 568 837 606 ³.

341 639 553 681 Habenda
586 642 732 682 autem
765 639 867 693 mihj
901 643 968 682 est
1000 639 1112 682 ratio
1154 639 1315 683 aetatis
1352 640 1443 682 eius
1476 654 1586 694 quae
1618 641 1776 695 alioquj
1809 641 1985 684 nimium

220 703 368 746 multis
401 703 626 758 exercicijs
660 707 726 746 est
759 702 1041 757 aggrauatab.
1356 756 1358 759 ,

342 781 603 823 Commenda
643 794 711 822 me
753 781 923 823 domino
966 795 1059 823 meo
1102 784 1146 823 et
1187 782 1301 836 patrj
1336 784 1380 824 et
1412 781 1537 836 fratrj
1579 781 1624 824 in
1655 781 1822 825 Christo
1854 782 1984 837 priorj

220 845 593 888 Carthusiensium
625 845 931 888 coloniensium
944 847 972 897 3,
1007 849 1051 889 et
1083 846 1253 888 domino
1285 846 1447 889 vicario
1481 846 1671 889 eiusdem
1703 847 1854 889 domus
1866 850 1890 890 ⁰.

344 922 537 965 Christus
569 923 697 964 Jesus
729 936 899 976 semper
930 922 987 965 sit
1019 923 1062 964 in
1094 923 1221 965 corde
1253 925 1350 974 tuo,
1394 926 1439 966 et
1477 923 1521 965 in
1562 937 1741 978 corpore
1780 926 1856 967 tuo
1888 937 1987 966 sen-

222 987 365 1030 ciatur
396 987 572 1041 spiritus
605 987 707 1029 eius.

345 1085 597 1139 Moguntiae
629 1086 729 1127 XXI
762 1086 829 1129 die
861 1087 977 1142 Junij
1016 1088 1140 1130 1543.

831 1204 949 1246 Tuus
980 1204 1024 1246 in
1056 1204 1224 1247 Christo
1257 1204 1396 1247 frater
1426 1206 1471 1246 et
1503 1203 1665 1246 amicus
1697 1203 1929 1257 singularis

225 1275 442 1317 Rescribe.
1207 1276 1362 1318 Petrus
1394 1275 1546 1318 Faber.

343 1392 371 1443 ’ὖ-
403 1391 660 1434 Charissimo
692 1392 735 1434 in
768 1392 936 1434 Christo
969 1391 1096 1435 fratri
1128 1395 1172 1435 et
1210 1392 1420 1446 singulari
1451 1391 1588 1434 amico
1621 1389 1831 1446 magistro
1863 1394 1988 1447 petro

224 1456 403 1498 Kanisio
445 1456 702 1510 nouiomago
743 1457 786 1499 in
824 1457 973 1499 edibus
1004 1457 1120 1511 Mag.
1154 1456 1327 1499 Andree
1359 1456 1591 1499 Bardwick
1622 1456 1834 1500 licentiati
1864 1457 1988 1499 theo-

224 1521 338 1575 logie
371 1521 572 1564 Canonici
604 1522 659 1564 ad
691 1522 889 1575 gereonis
922 1522 1134 1565 Coloniae.

346 1704 360 1718 ὃ
384 1700 477 1733 Idem
504 1701 647 1743 azynum
671 1701 841 1743 sequitur.
987 1698 1000 1718 b
1025 1700 1120 1732 Idem
1145 1700 1283 1742 sianum
1310 1701 1480 1743 sequitur.

344 1758 355 1771 ⁰
384 1754 478 1786 Idem
504 1755 644 1796 sianum
669 1754 838 1797 sequitur.

351 1921 359 1940 ¹
386 1919 476 1954 Sunt
511 1921 571 1964 qui
608 1922 836 1966 suspicentur
871 1922 1037 1956 loannem
1074 1920 1311 1955 Covillonium
1341 1919 1561 1965 (Couvillon)
1598 1918 1817 1954 insulensem
1854 1918 1988 1963 signifi-

224 1971 320 2014 cari,
360 1973 420 2017 qni
454 1973 520 2007 sub
554 1974 589 2007 id
624 1976 766 2019 tempus
805 1975 841 2008 in
874 1975 1089 2009 Societatem
1128 1976 1294 2020 receptus
1332 1976 1406 2016 est,
1451 1973 1510 2008 vel
1548 1973 1657 2008 etiam
1694 1973 1863 2007 Ioannem
1900 1973 1989 2007 Ara·

226 2025 372 2069 goniuln
411 2026 550 2069 (Mosen
577 2028 672 2061 Juan
704 2028 746 2062 de
773 2028 956 2071 Aragon),
993 2028 1053 2072 qui
1088 2028 1242 2062 Fabrum
1277 2039 1323 2061 ex
1348 2026 1524 2072 Hispania
1557 2026 1595 2060 in
1621 2025 1848 2060 Germaniam
1884 2026 1988 2060 comi-

224 2081 326 2112 tatus
361 2082 437 2113 erat
472 2082 508 2114 et
542 2082 680 2115 aestate
715 2082 798 2115 anni
834 2081 923 2116 1542
959 2081 1061 2126 Spira
1097 2081 1280 2116 Coloniam
1324 2080 1368 2114 ad
1403 2079 1481 2114 loca
1516 2091 1620 2114 sacra
1655 2079 1805 2114 visenda
1839 2081 1990 2113 venerat

230 2131 375 2174 (Cartas
401 2132 456 2166 del
485 2133 522 2167 Β.
551 2133 589 2167 P.
618 2135 731 2168 Pedro
755 2135 876 2168 Fabro
900 2135 925 2176 Ι,
956 2134 1150 2168 127-128,
1178 2134 1373 2169 150-152.
1412 2134 1528 2167 Fabri
1552 2132 1758 2167 Memoriale
1784 2143 1817 2177 p.
1837 2132 1988 2167 51—54.

226 2185 396 2229 81—83).
457 2186 525 2220 Sed
562 2187 725 2221 Canisius
762 2188 906 2222 Colonia
944 2188 996 2222 12.
1033 2187 1189 2231 Augusti
1226 2188 1316 2221 1545
1351 2186 1465 2221 Fabro
1503 2186 1547 2220 de
1582 2185 1799 2220 monasterio
1836 2185 1989 2229 quodam

225 2238 360 2273 ordinis
387 2238 420 2273 S.
448 2239 624 2283 Birgittae
650 2241 794 2282 scribit,
830 2241 865 2275 in
901 2241 994 2285 quod
1021 2241 1205 2285 ingressus
1232 2240 1280 2274 sit
1319 2239 1379 2283 „D.
1407 2239 1558 2274 Ioannes
1583 2238 1724 2273 Domini
1749 2237 1909 2272 Danielis
1935 2249 1987 2273 so-

224 2291 321 2326 cius“
353 2292 571 2336 Moguntiae.

347 2351 360 2371 ²
387 2352 425 2385 ln
452 2352 654 2394 *„Hist01·ia
681 2353 860 2398 gymnasii
887 2353 994 2387 trium
1015 2353 1242 2387 coronarum⁴⁴
1275 2351 1296 2386 l.
1317 2363 1345 2386 c.
1365 2351 1539 2386 asseritur
1565 2362 1645 2385 eum
1672 2349 1785 2384 fuisse
1803 2349 1988 2384 Danielem

228 2403 461 2449 Pavybroeck
503 2406 902 2448 denderamundanum‚
947 2406 1006 2450 qui
1049 2405 1220 2440 Societati
1261 2416 1389 2439 nomen
1431 2404 1539 2438 dedit.
1602 2403 1674 2438 Sub
1712 2403 1805 2437 idem
1846 2406 1988 2448 tempus

230 2458 298 2498 „M
326 2457 453 2492 Daniel
490 2459 728 2494 Coloniensi&
770 2460 985 2494 Societatem
1021 2459 1206 2502 ingressus
1241 2469 1320 2492 esse
1356 2457 1498 2491 videtur
1527 2456 1631 2500 (Oliv.
1659 2457 1856 2490 Μαηανειω.Ἴ
1882 2455 1916 2491 S.
1943 2456 1988 2495 J..

228 2511 279 2544 De
315 2511 421 2545 rebus
456 2511 645 2547 Societatis
671 2513 751 2547 lesu
788 2512 1064 2547 commentarius
1100 2511 1316 2555 [Florentiae
1355 2509 1458 2554 1886]
1493 2521 1526 2554 p.
1552 2508 1603 2553 4).
1654 2510 1752 2543 Inter
1785 2509 1918 2543 amicos
1953 2511 1990 2543 et

225 2564 431 2608 discipulos,
458 2565 517 2609 qui
544 2565 697 2600 Fabrum
725 2566 779 2601 30.
806 2565 1014 2600 Decembris
1043 2565 1133 2599 1544
1159 2576 1222 2609 per
1241 2562 1423 2598 Canisium
1449 2563 1620 2604 salutant,
1651 2562 1843 2604 „Dominus
1863 2561 1990 2596 Daniel

229 2617 263 2650 in
292 2617 501 2652 Carssmsia‘
532 2622 733 2664 comparet,
770 2622 805 2653 et
831 2619 945 2653 Faber
972 2618 1102 2652 litteris
1128 2616 1341 2652 Vallisoleto
1367 2617 1399 2651 9.
1426 2615 1506 2650 Iulii
1536 2616 1625 2650 1545
1653 2615 1835 2650 Coloniam
1869 2613 1989 2649 missis

230 2670 382 2713 priorem
409 2671 620 2706 Carthusiae
659 2684 759 2714 „cum
786 2675 860 2706 toto
895 2673 1073 2706 conventu
1107 2673 1142 2705 et
1167 2670 1209 2704 D.
1236 2669 1402 2704 Daniel&
1434 2669 1580 2703 salutat.
1629 2668 1758 2703 Daniel
1782 2668 1892 2711 igitur
1916 2667 1988 2707 ille,

228 2723 289 2765 qui
316 2735 407 2757 anno
437 2725 525 2759 1543
552 2725 759 2769 Moguntiao
785 2737 865 2759 cum
891 2725 930 2759 B.
958 2724 1065 2758 Petro
1091 2723 1205 2758 Fabro
1231 2723 1318 2764 fuit,
1353 2734 1423 2757 non
1449 2721 1665 2756 Societatem
1691 2722 1781 2763 Iesu,
1816 2720 1878 2755 sed
1905 2719 1987 2754 Car—

229 2775 385 2809 tliusiam
412 2777 649 2812 coloniensem
676 2778 861 2822 ingressus
887 2789 965 2812 esse
991 2777 1143 2811 videtur.

350 2838 361 2854 ³
388 2838 544 2872 (J'erardo
574 2837 842 2872 Kalckbrenncr
868 2837 946 2871 sive
973 2836 1245 2870 Hammoutano.
