2113 3430
224 196 314 238 Quid
341 195 610 230 confessionum
637 197 672 229 et
698 195 920 230 Testamenti
945 195 1101 240 supersit
1126 206 1196 229 non
1220 195 1400 239 integrum
1429 195 1476 238 (9.
1506 195 1558 229 10.
1586 194 1792 240 appendix).
1843 198 1894 238 67

259 311 453 354 Viennae
487 314 632 355 autem
664 312 892 367 multiplex
924 312 1027 354 mihi
1059 326 1188 354 causa
1220 311 1303 353 fuit
1336 314 1379 354 et
1411 312 1655 354 necessaria
1687 312 1816 362 satis,
1850 315 1898 354 ut

141 376 287 418 schola
310 375 579 418 obedientiae
611 376 873 419 exercitaret
906 391 1059 430 corpus
1092 379 1135 419 et
1167 376 1353 418 animam
1385 389 1538 426 meam,
1572 379 1619 418 ut
1651 376 1898 430 praesentia

140 443 313 495 patrum
346 443 389 483 et
420 440 605 482 fratrum
638 441 891 484 admoneret
922 455 989 483 me
1023 441 1074 482 de
1106 440 1390 482 reformandis
1423 440 1629 490 omnibus,
1664 454 1773 493 quae
1805 443 1896 483 tum

140 505 183 546 in
216 505 380 555 studiis,
413 508 504 547 tum
528 505 571 546 in
603 505 792 548 moribus
825 509 867 548 et
899 505 1212 548 tentationibus
1233 504 1338 546 meis
1362 518 1468 558 opus
1490 505 1706 547 habebant
1730 505 1787 547 ali
1811 504 1898 559 [ἓ]

140 569 329 612 subsidio
362 572 405 612 et
437 570 689 624 patrocinio.

993 682 1043 724 X.

260 772 315 806 Ex
341 773 545 818 apographo
572 774 715 809 saeculo
733 774 845 808 XVII.
873 774 931 808 vel
949 773 1078 808 XVIII.
1106 774 1251 819 scripto,
1278 773 1370 817 quod
1397 776 1451 807 est
1478 774 1513 807 in
1539 773 1614 807 cod.
1641 784 1777 807 monac.
1803 772 1897 813 ,Lat

144 825 252 861 1606“
275 827 299 860 f.
319 825 419 861 204b.
454 827 636 862 Librarius
663 828 809 862 adnotat
828 827 1009 862 Canisium
1027 827 1115 861 haec
1134 828 1169 861 in
1193 827 1341 868 „diario‘
1370 827 1530 872 „propria
1548 828 1674 860 manu⁹⁶
1698 826 1897 871 scripsisse.

260 903 356 936 Deus
382 904 580 937 lutheranis
607 907 732 938 iratus.

260 987 436 1029 Memini
476 986 657 1029 Domine
699 1001 794 1029 cum
835 986 879 1027 in
921 986 1081 1040 templo
1124 986 1350 1039 Augustae
1392 985 1636 1040 Cathedralj
1686 1000 1855 1028 orarem
1870 988 1897 1036 1,

142 1066 271 1105 quam
302 1052 462 1102 iratus,
508 1054 550 1094 et
583 1065 684 1094 uere
716 1051 1028 1094 terribilis‘2
1069 1065 1325 1105 appareres,
1372 1054 1553 1093 extensa
1586 1051 1898 1104 quodammodo

143 1117 324 1159 dextera
354 1116 547 1159 iustitiae
578 1119 698 1166 tuae,
732 1118 995 1170 paratasque
1027 1115 1213 1169 sagittas
1245 1115 1491 1169 proferens,
1527 1130 1633 1168 quas
1665 1115 1707 1157 in
1740 1116 1900 1159 Luthe-

142 1195 270 1223 ranos
303 1179 541 1236 conijcereb
577 1181 712 1222 velles
731 1181 758 1222 3.
823 1180 935 1222 Nam
969 1181 1252 1223 occurrebant
1284 1194 1441 1235 graues
1481 1180 1525 1222 in
1564 1181 1660 1223 illos
1699 1182 1900 1234 querelae

142 1249 264 1296 tuae,
306 1247 556 1288 Accusabas
597 1259 937 1299 synagogam
981 1245 1310 1295 Sathanae4,
1356 1245 1468 1299 quod
1508 1249 1628 1288 tuam
1661 1246 1900 1288 Ecclesiam

141 1310 356 1353 hostiliter
396 1313 751 1365 persequeretur,
794 1310 893 1363 quia
933 1309 1139 1352 honorem
1179 1312 1323 1360 tuum,
1367 1311 1528 1353 cultum
1569 1315 1711 1360 tuum,
1755 1325 1900 1353 sacra-

141 1378 288 1418 menta
318 1378 395 1418 tua
427 1376 662 1426 uiolarent,
708 1389 758 1417 ac
791 1389 936 1417 secum
976 1374 1019 1416 in
1052 1375 1231 1417 eandem
1264 1375 1548 1429 perditionem
1580 1375 1826 1418 innumeros
1857 1376 1901 1417 in

142 1440 232 1482 dies
263 1440 579 1495 pertraherent.

772 1542 962 1590 Appendix
988 1542 1270 1579 Confessionum.

259 1628 293 1671 a)
324 1627 379 1661 Ex
405 1627 621 1672 apographo,
647 1627 713 1661 sub
739 1627 880 1660 initium
906 1626 1041 1661 saeculi
1067 1626 1179 1661 XVII.
1215 1626 1381 1669 Friburgi
1407 1626 1655 1661 Helvetiorum
1685 1627 1720 1669 (a
1747 1626 1786 1661 P.
1807 1626 1901 1661 Mar-

140 1682 213 1715 tino
240 1680 348 1722 Licio,
375 1680 518 1724 collegii
543 1682 681 1715 rectore
693 1680 727 1724 ‘?)
757 1680 910 1725 scripto,
947 1679 1038 1724 quod
1066 1682 1122 1714 est
1147 1680 1182 1713 in
1209 1679 1284 1714 cod.
1316 1679 1475 1724 ,Scripta
1503 1680 1545 1714 de
1571 1681 1647 1714 vita
1674 1682 1708 1714 et
1734 1680 1901 1714 laudibus

141 1735 179 1768 Β.
208 1734 306 1769 Petri
343 1734 495 1768 Canisii“
535 1733 577 1768 X.
604 1732 647 1767 Lb
673 1733 728 1777 (C.
752 1734 827 1777 47).
879 1733 1062 1767 Librarius
1097 1733 1301 1778 praefatur:
1342 1733 1415 1775 „Ex
1450 1732 1581 1768 scheda
1617 1734 1758 1778 propria
1794 1745 1902 1767 manu

141 1787 195 1832 [P.
223 1788 322 1822 Petri
349 1786 495 1831 Canisii]
523 1787 657 1832 scripta
682 1798 795 1831 nuper
820 1787 997 1820 inuenta.“

259 1871 397 1912 Puero
430 1870 532 1912 mihi
554 1870 767 1921 Coloniae,
801 1872 848 1912 ut
880 1870 923 1911 in
951 1870 1106 1912 timore
1128 1870 1221 1924 DEj
1254 1870 1408 1913 fortior
1440 1884 1591 1921 essem,
1626 1870 1668 1912 hi
1701 1870 1901 1912 versiculi

140 1936 377 1978 familiares
408 1936 597 1987 fuerunt,
631 1935 783 1989 quibus
815 1934 1023 1989 meipsum
1057 1935 1112 1976 ad
1143 1935 1353 1989 pietatem
1386 1935 1641 1978 excitabam.

426 2018 548 2059 Intus
580 2017 678 2059 uiue
710 2016 840 2068 DEO,
874 2017 1039 2058 lumen⁶
1071 2031 1280 2058 venerare
1312 2016 1610 2071 propinquum,

426 2083 561 2125 Totus
593 2082 690 2124 uiue
722 2082 853 2132 DEO,
886 2084 1005 2124 totus
1037 2081 1115 2124 tibi
1148 2081 1318 2136 despice
1350 2082 1574 2124 mundum:

427 2148 492 2189 Sit
522 2148 645 2190 labor
677 2149 721 2190 et
753 2146 954 2197 studium,
989 2161 1142 2201 scopus
1175 2161 1225 2189 ac
1257 2146 1439 2189 intentio
1473 2147 1565 2189 sola

427 2213 550 2255 Velle
582 2212 753 2266 placere
784 2212 915 2263 DEO,
949 2211 1078 2254 uilem
1111 2214 1385 2254 contemnere
1417 2212 1633 2253 mundum.

260 2305 297 2349 b)
328 2305 492 2339 Canisius
511 2304 731 2346 adulescens,
754 2307 947 2348 antequam
965 2303 1182 2338 Societatem
1200 2304 1282 2338 Iesu
1299 2304 1555 2347 ingrederetur,
1583 2304 1647 2339 hoc
1667 2305 1733 2339 sibi
1752 2305 1900 2339 verbum

143 2359 300 2403 delegise
326 2359 479 2400 videtur,
507 2358 600 2402 quod
626 2360 809 2402 tamquam
836 2358 978 2401 signum
1004 2359 1234 2401 sequeretur:

871 2415 1164 2451 PERSEVERA.

262 2476 353 2510 Nam
378 2477 445 2511 hoc
470 2477 620 2510 verbum
646 2477 722 2510 eius
757 2487 864 2510 manu
899 2475 1108 2510 maiusculis
1141 2475 1273 2509 litteris
1309 2475 1488 2520 depictum
1524 2476 1681 2510 cernitur
1716 2476 1751 2509 in
1786 2475 1902 2509 fronte

145 2529 286 2571 codicis,
313 2540 382 2573 quo
401 2529 567 2563 Coloniae
593 2541 684 2564 anno
705 2530 794 2564 1538
821 2529 973 2574 primum
999 2529 1052 2563 uti
1079 2529 1195 2573 coepit
1210 2529 1233 2570 ⁵,
1261 2530 1295 2562 et
1322 2528 1360 2562 P.
1381 2529 1530 2562 Iacobus
1554 2528 1736 2562 Kritzradt
1753 2529 1765 2548 ⁶
1792 2528 1834 2563 de
1861 2541 1900 2563 eo

262 2645 276 2659 Β
299 2641 352 2673 Ita
380 2641 501 2682 Riess,·
525 2641 583 2673 sed
609 2641 786 2683 leqendnm
815 2652 882 2673 esse
909 2643 1049 2673 omniuo
1076 2641 1214 2674 ridetur
1239 2640 1315 2674 tali.

262 2692 275 2712 ¹²
299 2693 474 2737 complere
501 2704 621 2736 apoyr.
766 2698 776 2713 ⁰
804 2696 874 2728 Sic.
909 2695 1154 2736 Leyendamne
1178 2696 1339 2727 numen?

267 2806 275 2824 ¹
304 2803 468 2838 Canisius
494 2804 646 2849 primum
672 2816 793 2838 mense
820 2805 918 2838 Iunio
945 2816 1036 2839 anno
1057 2805 1146 2839 1555
1164 2805 1367 2848 Augustam
1387 2803 1653 2838 Vindelicorum
1674 2803 1898 2849 (Augsburg)

144 2858 187 2891 ad
214 2857 322 2891 breve
348 2859 490 2901 tenipus
516 2857 635 2893 venit:
662 2858 730 2891 nisi
756 2857 848 2891 forte
874 2858 945 2891 iam
972 2859 1071 2892 initio
1098 2859 1181 2892 anni
1202 2858 1290 2891 1547
1311 2857 1440 2891 ibidem
1458 2857 1640 2902 paulisper
1657 2860 1816 2892 moratus
1836 2862 1900 2893 est.

144 2911 257 2944 Annis
287 2911 517 2944 1559—1566
544 2909 675 2944 ibidem
702 2911 736 2943 in
763 2910 915 2944 ecclesia
941 2911 1138 2945 cathedrali
1170 2911 1425 2945 contionatoris
1460 2922 1588 2945 munus
1624 2911 1901 2945 administravit.

144 2963 275 2998 Postea
301 2975 440 3007 quoque
466 2975 573 3008 saepe
591 2963 778 3005 Augustae
804 2964 883 3001 fuit.
911 2975 950 2998 ac
977 2964 1131 2998 fortasse
1158 2964 1275 3005 etiam,
1303 2964 1407 3007 idque
1431 2965 1661 3008 postremum,
1689 2976 1778 2999 anno
1801 2965 1900 2999 1584.

265 3016 278 3036 ²
304 3016 369 3050 Ex.
399 3017 452 3058 15,
482 3017 535 3050 11.
570 3016 591 3050 2
618 3015 700 3050 Esd.
730 3017 759 3057 1,
787 3017 818 3050 5.
853 3016 912 3051 Ps.
939 3017 995 3057 46,
1023 3017 1043 3051 3
1070 3019 1136 3051 etc.
1283 3017 1295 3036 3
1321 3016 1373 3051 Cf.
1401 3016 1459 3051 Ps.
1488 3017 1518 3058 7,
1548 3017 1695 3051 13--14.

265 3071 277 3090 ⁴¹
304 3070 414 3114 Apoc.
441 3070 473 3111 2,
500 3070 540 3110 9;
569 3070 600 3110 3,
627 3070 658 3103 9.

265 3123 277 3142 ⁵
304 3122 387 3157 cod.
420 3122 578 3167 „Scripta
606 3121 690 3156 Can.
716 3122 759 3156 X.
787 3122 848 3156 A.“
879 3122 963 3157 folio
990 3123 1106 3163 tertio,
1134 3122 1226 3167 quod
1253 3122 1336 3157 olim
1363 3125 1440 3157 erat
1465 3123 1628 3168 primum.

264 3175 277 3195 ⁰
302 3174 354 3209 De
381 3187 420 3209 eo
448 3176 529 3209 vide
554 3187 672 3220 supra,
701 3176 734 3209 in
761 3175 997 3220 descriptione
1024 3176 1193 3210 codicum.

1583 3235 1628 3267 5*
