2113 3430
230 221 314 260 250
795 215 851 248 52.
888 213 1053 249 Canisius
1079 213 1261 249 Leonardo
1287 214 1427 249 Kessel.

1064 345 1154 386 52.

961 444 1256 491 CANISIUS

698 542 760 583 P.
793 540 1191 584 LEONARDO
1225 541 1513 584 KESSEL

792 629 992 673 ceterisque
1021 628 1133 663 Sociis
1160 629 1431 663 coloniensibus.

872 714 1031 751 Bononia
1057 714 1102 751 17.
1130 714 1224 750 1111111
1252 714 1345 751 1547.

346 800 401 834 Ex
427 799 649 845 autographo
679 799 753 840 ('·20;
790 811 822 843 p.
852 800 890 839 1;
918 799 953 832 in
979 811 1012 843 p.
1039 799 1071 832 2.
1099 798 1205 833 inser.
1233 801 1267 832 et
1294 809 1377 843 pars
1403 797 1500 842 sig).
1553 798 1635 832 Cod.
1663 798 1793 833 colon:
1836 799 1985 844 „Epistt.

229 854 271 888 ad
299 853 438 888 Kessel.
467 854 499 887 1⁸
534 854 557 887 f.
586 854 640 887 29.

346 937 399 970 De
425 937 574 979 quodum
603 936 650 967 ad
673 936 907 968 sacerdotium
936 936 1129 977 aspirante.
1166 934 1218 967 De
1244 934 1360 966 reditu
1386 944 1449 966 suo
1478 935 1668 977 itinereque
1699 944 1856 968 romano.
1895 935 1986 976 Qum

228 990 412 1023 Bononiae
447 994 539 1031 affut.
591 989 732 1021 „micas
767 989 906 1031 ‹diffuss-
941 989 988 1020 (αὖ
1023 988 1223 1020 litterarum
1261 991 1290 1020 et
1311 988 1456 1030 pietatis·
1481 987 1598 1019 mulia
1627 988 1764 1020 excitat.
1818 988 1987 1020 Pecuniae

222 1044 483 1086 sum-se'nzom'am
513 1044 625 1075 Sociis
660 1042 899 1083 ‹·om»1endat,·
935 1041 1207 1074 mensliccnulmn.
1243 1051 1312 1073 nonv
1348 1051 1426 1073 esse.
1478 1041 1530 1073 De
1565 1041 1884 1083 dispensatIonibus
1916 1052 1986 1084 pro

228 1097 350 1129 Maria
378 1097 419 1129 de
449 1096 648 1137 Oislerwssc
674 1100 704 1127 et
724 1095 891 1138 precihus
917 1095 960 1127 ab
987 1095 1105 1127 eadem
1132 1094 1339 1127 obtinendis.
1391 1094 1444 1126 De
1469 1094 1572 1126 libris
1596 1094 1665 1126 sibi
1692 1094 1853 1127 emendis.

346 1189 592 1232 Charissimi
623 1189 783 1232 fratres
815 1188 959 1242 gratia
992 1188 1151 1230 domini
1183 1188 1320 1231 nostri
1353 1187 1574 1230 vobiscum
1607 1202 1744 1230 amen.

343 1267 449 1308 Heri
480 1269 579 1320 post
609 1265 904 1318 longissimam
943 1265 1290 1319 expectationem
1322 1267 1494 1307 vestras
1527 1279 1553 1306 a
1585 1265 1641 1307 M.
1678 1264 1806 1306 Scoto
1838 1263 1986 1306 literas

226 1331 384 1386 accepi.
430 1331 547 1385 Abijt
580 1330 652 1373 ille
675 1331 856 1372 Romam
880 1345 974 1372 cum
1008 1344 1084 1372 suo
1118 1330 1348 1385 sacerdotij
1383 1329 1603 1372 obtinendi
1635 1328 1869 1384 proposito,
1903 1344 1986 1372 non

226 1396 396 1450 quidem
438 1396 546 1438 satis
578 1396 777 1446 idoneus,
823 1398 872 1438 vt
904 1395 1007 1436 mihi
1039 1395 1289 1445 videbatur,
1337 1409 1518 1448 quocum
1550 1397 1721 1437 tantum
1754 1397 1798 1436 et
1830 1408 1986 1448 operae

225 1466 268 1505 et
301 1464 519 1504 sumtuum
550 1460 837 1503 insumeretis.
902 1460 1037 1502 Video
1071 1460 1265 1514 equidem
1307 1474 1391 1502 non
1424 1460 1503 1502 hoc
1535 1460 1660 1501 modo
1694 1460 1929 1501 curandum
1961 1473 1987 1501 a

225 1527 347 1569 nobis
380 1541 487 1577 esse,
522 1529 570 1568 vt
601 1528 777 1580 praeter
809 1526 1055 1579 generalem
1080 1525 1338 1567 exhortandi
1361 1524 1573 1568 rationem
1606 1525 1702 1579 alijs
1734 1525 1916 1566 multum
1943 1527 1987 1567 et.

225 1606 352 1634 curae
394 1595 437 1634 et
479 1591 686 1646 temporis
718 1591 972 1634 tribuamus,
1036 1591 1129 1644 Ego
1163 1590 1350 1644 (Christo
1383 1590 1544 1644 gratia)
1577 1589 1815 1632 rectissime
1848 1590 1986 1644 valeo,

225 1661 269 1700 et
300 1657 415 1699 haud
457 1657 565 1702 scio,
610 1671 664 1698 an
704 1670 894 1709 vnquam
935 1656 978 1697 in
1013 1655 1243 1698 Germania
1274 1655 1413 1709 magis
1446 1670 1500 1697 ex
1533 1655 1687 1697 animo.
1751 1655 1815 1696 De
1847 1654 1988 1696 reditu

225 1722 292 1775 (vt
337 1736 468 1776 saepe
512 1722 683 1776 scripsi)
721 1724 894 1764 certum
939 1721 1100 1774 aliquid
1141 1720 1393 1775 promittere
1433 1735 1518 1762 non
1560 1734 1757 1774 possum,
1802 1719 1989 1761 maxime

226 1802 354 1840 quum
387 1787 430 1829 in
463 1786 705 1841 Septembri
738 1787 920 1828 Romam
961 1786 1110 1828 videre
1151 1786 1253 1827 mihi
1293 1786 1379 1828 iam
1422 1785 1704 1828 constitutum
1742 1784 1810 1827 sit.
1875 1784 1986 1826 Scri-

226 1853 371 1894 berem
405 1855 549 1895 autem
583 1852 634 1893 de
663 1852 796 1905 varijs
828 1852 968 1901 rebus,
1002 1850 1084 1893 nisi
1116 1851 1337 1893 meliorem
1368 1850 1592 1893 literarum
1627 1850 1987 1904 disponendarum

226 1917 494 1959 occasionem
526 1917 647 1958 breui
679 1916 772 1958 fore
805 1919 1016 1971 putarem,
1051 1930 1231 1970 sperans
1264 1916 1394 1958 etiam
1418 1915 1604 1957 certiora
1627 1915 1838 1968 quaedam
1860 1914 1987 1956 istinc

225 1982 345 2024 breui
388 1980 524 2036 [esse]
567 1984 842 2036 peruentura.
912 1981 1016 2023 Cum
1058 1981 1184 2023 dictis
1225 1995 1299 2023 sae
1313 1979 1407 2035 [pe]
1450 1980 1652 2023 Patribus
1693 1979 1984 2022 Reuerendis¹

226 2061 331 2100 age,
365 2047 516 2089 Italice
548 2046 740 2088 nonnihil
770 2046 1023 2101 pronuntio,
1067 2046 1430 2100 disputationibus
1463 2045 1733 2099 Theologicis
1764 2045 1985 2094 intersum,

226 2126 365 2154 meam
389 2126 557 2165 quoque
580 2112 721 2154 dicere
744 2111 1005 2154 sententiam
1038 2114 1214 2154 coactus
1226 2112 1254 2153 2.
1305 2111 1425 2161 Quod
1447 2111 1501 2153 ad
1523 2111 1580 2153 M.
1605 2110 1986 2164 Christophorum3

227 2177 385 2220 attinet
419 2181 461 2220 et
488 2177 665 2219 Petrum
687 2177 839 2218 Boium
852 2177 880 2227 4,
915 2176 950 2218 si
984 2176 1259 2218 charissimus
1292 2176 1430 2218 frater
1452 2175 1635 2217 Daniel5
1666 2175 1775 2218 istac
1806 2175 1986 2217 Romam

227 2242 269 2283 in
292 2243 490 2295 Augusto
513 2246 646 2296 petet,
678 2256 732 2284 ex
754 2241 880 2283 huius
902 2241 1079 2283 consilio
1102 2241 1416 2296 prudentiaque
1439 2240 1559 2282 vobis
1582 2240 1796 2293 agendum
1820 2253 1985 2281 censeo.

228 2307 300 2349 Sin
333 2307 472 2348 minus
504 2307 674 2357 veniet,
718 2307 881 2348 confido
922 2306 967 2348 in
1008 2306 1178 2348 domino
1211 2306 1356 2355 IESV,
1401 2305 1471 2359 qui
1513 2306 1642 2348 Petro
1684 2307 1832 2346 nostro
1873 2304 1987 2346 vires

227 2372 357 2414 addet
398 2371 673 2424 animumque
714 2371 1005 2421 confirmabit.
1049 2385 1131 2424 quo
1173 2370 1372 2412 nimirum
1415 2370 1593 2413 Patroni
1638 2369 1702 2411 sui
1747 2369 1986 2423 sumptibus

228 2437 422 2487 adiutus,
465 2436 508 2477 in
550 2436 771 2478 academia
815 2437 885 2477 vel
926 2435 1183 2478 Louaniensi
1224 2436 1290 2477 ve]
1334 2435 1486 2477 Italica
1529 2434 1769 2476 studiorum
1813 2447 1983 2475 suorum

227 2502 419 2543 ordinem
461 2501 680 2551 absoluat,
728 2505 771 2544 et
812 2502 1108 2543 secundum
1154 2501 1337 2542 datam
1382 2499 1488 2541 sibi
1531 2514 1556 2541 a
1598 2498 1824 2541 Domino
1867 2513 1986 2552 gra-

227 2566 386 2608 tiam6
417 2566 564 2608 inultis
586 2580 890 2619 nonnunquam
913 2566 956 2607 in
979 2565 1209 2607 Germania
1231 2565 1441 2619 proficiat.
1477 2565 1520 2607 Si
1543 2578 1693 2606 verum
1717 2562 1840 2618 [est]‚
1874 2564 1984 2616 quod

229 2631 460 2684 Georgium
501 2631 649 2672 111111117
681 2631 774 2673 fore
807 2630 1138 2673 Uarthusianum
1182 2630 1368 2672 scribitis
1400 2644 1485 2671 non
1517 2644 1692 2684 possum
1724 2643 1806 2671 non
1841 2628 1984 2670 mirari

349 2776 358 2794 ¹
386 2774 512 2808 Iacobo
538 2773 672 2814 111111110,
699 2773 884 2818 Alphonso
911 2772 1129 2812 Salmerone,
1156 2772 1303 2807 Claudio
1330 2771 1415 2806 laio.

347 2826 360 2847 ²
387 2827 533 2868 Quando
561 2829 596 2860 et
622 2826 752 2870 quibus
778 2826 820 2860 de
847 2826 953 2860 rebus
973 2825 1137 2860 Canisius
1163 2825 1197 2859 in
1224 2824 1563 2869 congregationibus
1582 2824 1828 2867 theologorum
1847 2822 1985 2857 concilii

231 2880 444 2913 sententium
472 2891 573 2913 suani
601 2880 743 2919 dixerit,
771 2879 851 2913 vide
878 2879 982 2920 infra,
1008 2890 1162 2913 monum.
1190 2878 1340 2913 27—29.

349 2933 360 2951 ³
388 2932 681 2977 Christophorum
710 2933 1038 2971 Buscoducensem;
1066 2932 1110 2966 cf.
1141 2932 1232 2966 infra
1258 2944 1291 2976 p.
1319 2931 1399 2965 253.
1557 2932 1568 2950 ⁴
1596 2929 1685 2963 Vide
1711 2940 1818 2973 supra
1847 2941 1878 2973 p.
1905 2929 1984 2962 24⁵:

350 2985 361 3003 ⁵
392 2986 518 3018 Daniel
555 2986 774 3028 l'aessbroevls
811 2985 1061 3028 (Paribrouch)
1102 2985 1145 3018 ad
1180 2984 1213 3018 S.
1251 2984 1429 3028 Ignatium
1466 2982 1622 3017 Lovanio
1659 2982 1711 3015 17.
1746 2981 1867 3015 Martii
1896 2982 1984 3015 1:347

229 3036 391 3080 scripsit:
420 3039 463 3070 >Ie
491 3050 531 3071 cx
561 3038 715 3071 romanis
742 3038 873 3072 litteris
900 3038 1121 3080 cognovisse,
1148 3037 1216 3071 sibi
1247 3037 1302 3078 „in
1321 3036 1466 3071 Octobri
1484 3035 1631 3069 Romam
1658 3034 1790 3067 intrare
1809 3046 1887 3067 esse
1906 3046 1984 3068 0011-

231 3090 404 3129 cessumst,
444 3089 591 3133 ideoque
630 3104 667 3123 sc
708 3094 787 3131 „aut
822 3091 857 3123 in
891 3091 1064 3135 principio
1091 3090 1245 3133 Augusti
1281 3093 1342 3123 aut
1377 3089 1501 3123 citius“
1533 3086 1689 3121 Lovanio
1725 3087 1983 3128 discessurum

231 3141 392 3174 discessit
422 3153 504 3174 vcro
532 3142 713 3185 aliquanto
740 3146 819 3187 post
849 3142 1022 3186 (Litterae
1049 3143 1328 3186 qiiadrimestres
1354 3142 1389 3182 I,
1417 3141 1472 3174 28.
1520 3141 1694 3173 Polaneus
1719 3139 1741 3173 l.
1770 3151 1798 3173 0,
1828 3140 1860 3180 1,
1888 3140 1983 3182 294).

350 3194 362 3213 ⁶
392 3195 405 3227 1
437 3196 513 3227 Cor.
541 3196 572 3233 3,
602 3195 654 3228 10.
801 3196 811 3215 ἵ
840 3195 1032 3239 Georgium
1061 3195 1183 3228 Eder'?
1233 3194 1285 3229 Cf.
1313 3204 1421 3238 supra
1447 3205 1480 3237 p.
1510 3192 1586 3226 126.
