2113 3430
820 196 873 232 12.
900 197 1056 241 Augusti
1085 197 1187 232 1548.
1800 199 1883 240 285

120 313 305 355 lectione
337 312 492 355 nobilis
522 313 876 368 historiographi,
910 318 960 357 vt
990 315 1100 369 Liuij
1133 315 1203 357 uel
1237 314 1442 368 Suetonij.
1488 314 1585 357 Erit
1617 317 1660 357 et
1694 315 1886 357 Graecae

118 377 292 431 linguae
325 377 476 420 classis
506 378 695 432 propria,
730 379 1089 431 quemadmodum
1122 381 1166 422 et
1196 379 1468 421 Hebraeae1.
1532 379 1639 421 Tum
1672 379 1715 421 in
1747 380 1885 434 philo-

119 443 270 497 sophia
301 442 530 497 peculiaris
561 443 791 486 habebitur
823 444 1114 487 studiosorum
1140 444 1266 495 ratio,
1299 447 1350 486 vt
1371 443 1611 486 Dialectica
1633 447 1676 486 et-
1698 444 1886 498 Phijsica

118 507 422 562 percipiantur.
467 507 561 549 Nec
595 507 791 550 aethicae
824 523 926 550 suus
950 509 1121 562 quidem
1152 510 1272 551 locus
1305 512 1349 551 et
1380 508 1515 551 honos
1549 509 1699 551 deerit.
1746 509 1885 551 Theo-

117 573 244 626 logus
293 575 439 615 autem
487 572 707 627 professor
755 576 800 615 et
849 574 900 616 D.
941 574 1124 616 Paulum
1174 573 1430 628 explicabit,
1483 576 1528 616 et
1574 574 1885 616 Scholasticam

117 637 383 691 theologiam
424 651 511 679 non
556 638 736 680 obscure
777 638 998 681 tractabit.
1063 639 1138 681 Cui
1180 639 1442 692 adiungetur
1482 638 1633 692 opinor
1675 642 1718 681 et
1759 639 1883 687 alter,

118 702 322 744 eximium
350 702 553 755 quiddam
586 716 608 744 e
641 702 776 745 sacris
808 703 946 746 literis
980 703 1327 758 deprompturusg
1377 704 1561 746 Demum
1584 703 1715 745 certis
1738 703 1885 745 diebus

116 767 160 809 in
201 767 400 810 doctrina
432 767 676 810 Christiana
716 769 1034 822 praelectorem
1067 768 1147 810 sibi
1187 768 1364 811 habebit
1396 782 1592 822 quaeque
1626 768 1798 817 classis,
1842 772 1885 811 et

118 833 172 874 ad
203 832 415 887 pietatem
456 832 665 885 singulari
708 847 840 887 opera
872 834 1148 887 prouehetur.
1213 833 1411 882 Quotidie
1443 847 1615 875 sacrum
1647 833 1691 874 in
1722 833 1884 887 templo

118 900 266 940 nostro
300 897 574 940 adstantibus
608 898 812 940 studiosis
845 898 1041 939 omnibus
1072 899 1170 940 fiet:
1206 898 1357 951 quouis
1389 912 1536 940 mense
1569 898 1808 939 confessuri
1841 900 1885 940 et

118 962 376 1017 explicaturi
418 962 724 1005 conscientiam
756 962 954 1010 venient,
999 977 1050 1005 ac
1091 962 1182 1004 sine
1224 963 1465 1005 cessatione
1506 962 1882 1017 disputationibus,

119 1041 247 1080 quum
291 1031 463 1082 tempus
506 1027 821 1082 praescriptum
866 1027 1030 1078 aderit,
1077 1041 1253 1081 operam
1299 1028 1473 1071 dabunt.
1548 1028 1598 1069 In
1642 1027 1879 1077 scribendo,

118 1093 424 1147 componendo,
449 1092 743 1143 declamando,
776 1093 1009 1146 repetendo
1033 1092 1117 1134 iam
1141 1095 1272 1134 antea
1293 1093 1504 1134 sensimus
1527 1092 1627 1146 quid
1650 1095 1881 1146 quantum-

118 1171 200 1210 que
232 1157 400 1200 fructus
441 1157 498 1200 sit
538 1157 747 1211 positum,
791 1171 840 1199 ac
880 1157 1058 1211 proinde
1096 1157 1201 1198 1111111
1232 1157 1401 1199 istiusm
1415 1155 1526 1211 [odi]
1560 1160 1713 1212 postea
1745 1157 1882 1210 negli-

117 1223 286 1275 getur2.
335 1221 474 1263 Huius
495 1222 628 1275 igitur
650 1222 854 1264 vtilitatis
876 1236 1079 1275 magnam
1111 1222 1271 1264 habere
1302 1222 1515 1265 rationem
1547 1223 1699 1264 volunt
1731 1222 1881 1272 nostri,

117 1287 374 1341 praesertim
407 1301 536 1340 quum
568 1287 729 1340 liquido
761 1287 1043 1340 perspiciant,
1085 1301 1171 1328 non
1208 1287 1347 1328 solum
1379 1287 1504 1328 huius
1536 1287 1725 1329 nobiliss.
1760 1287 1880 1341 Reip.

118 1354 374 1394 ornamenta
405 1351 555 1405 augeri
588 1351 648 1394 sic
670 1366 811 1406 posse,
846 1366 900 1393 ex
922 1352 1055 1406 probe
1087 1352 1300 1394 institutis
1332 1352 1535 1394 videlicet
1565 1353 1775 1394 bonorum
1807 1352 1883 1394 ad-

117 1417 382 1459 olescentum
415 1416 590 1467 animis,
629 1431 781 1458 verum
813 1417 946 1459 etiam
978 1417 1113 1459 totius
1145 1416 1268 1469 regni
1302 1417 1535 1459 Siciliensis
1567 1417 1753 1459 salutem
1784 1417 1883 1458 hinc

117 1496 202 1524 non
223 1481 398 1524 minima
429 1496 484 1524 ex
505 1485 632 1536 parte
655 1482 910 1536 dependere.
961 1482 1081 1531 Quod
1103 1496 1240 1535 Vsque
1273 1483 1379 1524 adeo
1412 1481 1498 1524 iam
1530 1482 1626 1536 alijs
1660 1482 1743 1524 Sici
1757 1481 1880 1536 [liae]

118 1546 366 1589 ciuitatibus
407 1547 733 1601 comprobatum
775 1549 863 1597 est,
906 1549 956 1589 vt
997 1561 1019 1588 e
1053 1547 1270 1589 Societate
1307 1547 1389 1588 hac
1422 1550 1571 1589 nostra
1603 1546 1717 1589 mitti
1750 1547 1805 1588 ad
1837 1561 1883 1588 se

117 1612 325 1665 quosdam
348 1611 605 1665 efflagitent.
654 1612 832 1662 ProreX,
867 1612 931 1654 cui
955 1611 1186 1666 plurimum
1210 1612 1426 1663 debemus,
1463 1612 1576 1655 vltro
1600 1612 1721 1663 citro,
1755 1613 1883 1665 longe

116 1677 291 1729 lateque
321 1676 472 1718 literas
503 1676 622 1730 tijpis
655 1691 838 1718 excusas
878 1676 995 1718 misit
1028 1679 1072 1719 et
1105 1677 1159 1718 ad
1192 1677 1336 1719 studia
1368 1677 1475 1719 haec
1508 1678 1737 1719 Messanae
1770 1691 1883 1719 noua

118 1741 292 1795 quosuis
323 1741 481 1784 inuitat
521 1744 828 1796 prouocatque.
893 1742 1153 1783 Confidimus
1192 1742 1237 1783 in
1279 1742 1472 1793 domino,
1515 1742 1635 1784 breui
1677 1742 1791 1788 fore.
1835 1745 1883 1784 vt

117 1821 202 1848 non
242 1810 333 1849 tam
374 1806 614 1849 studiorum
655 1821 766 1860 quae
808 1806 874 1859 (vt
917 1806 1024 1860 dixi)
1065 1807 1382 1861 profitebimur,
1429 1821 1557 1860 quam
1601 1807 1778 1861 pietatis
1818 1806 1883 1848 in-

118 1874 338 1914 crementa
378 1886 709 1925 successumque
750 1871 986 1913 maximum
1027 1872 1114 1914 lete
1155 1872 1235 1914 hoc
1267 1873 1360 1914 loco
1394 1872 1666 1927 aspiciamus.
1729 1872 1882 1925 Neque

117 1939 286 1979 tantum
319 1936 572 1978 haeresibus
602 1937 683 1978 hoc
715 1939 845 1990 pacto
877 1936 994 1978 viam
1027 1937 1252 1979 occludere
1284 1937 1443 1987 licebit,
1477 1937 1552 1979 sed
1586 1937 1718 1980 etiam
1752 1936 1884 1990 (quod

116 2001 397 2043 vehementer
429 2000 640 2056 cupimus)
673 2002 727 2043 ad
761 2001 986 2044 Graeciam
1019 2016 1155 2055 Vsque
1186 2002 1286 2044 fidei
1319 2006 1362 2045 et
1394 2002 1616 2044 Ecclesiae
1649 2002 1882 2044 restituen-

118 2066 214 2108 dam
256 2066 355 2108 hinc
394 2069 546 2120 patere
587 2066 752 2109 aditum
792 2066 1052 2120 ianuamque
1093 2067 1290 2121 patefieri
1331 2082 1458 2121 posse
1489 2067 1685 2109 videmus
1699 2068 1726 2109 3.
1791 2067 1881 2116 Quo

117 2130 256 2184 magis
287 2131 485 2173 habenda
514 2131 636 2173 Vobis
669 2134 737 2174 est
767 2131 879 2174 ratio
912 2132 1085 2182 fratres,
1119 2135 1168 2174 vt
1199 2135 1292 2174 tum
1324 2132 1367 2173 in
1400 2132 1679 2182 orationibus,
1712 2134 1805 2174 tum
1837 2131 1881 2173 in

117 2195 333 2250 sacrifitijs
355 2196 515 2239 vestris
536 2199 789 2251 perpetuam
808 2197 944 2239 nostri
961 2197 1213 2239 memoriam
1232 2198 1508 2240 conseruetis.
1557 2197 1673 2239 Nam
1696 2200 1739 2239 et
1762 2197 1880 2238 breui

116 2261 261 2315 plures
294 2275 317 2303 e
348 2261 509 2304 nostris
540 2261 609 2303 hic
642 2264 936 2315 expectamus,
971 2276 1077 2315 quos
1100 2276 1155 2304 ex
1177 2263 1283 2304 vrbe
1306 2262 1478 2304 euocari
1510 2261 1664 2304 summi
1687 2261 1880 2303 homines

116 2325 327 2379 amicique
344 2326 482 2369 nostri
499 2330 773 2369 curauerunt.
809 2327 951 2369 Datur
968 2326 1099 2369 etiam
1118 2341 1262 2381 opera,
1282 2330 1331 2370 Vt
1348 2327 1610 2370 auctoritate
1627 2326 1881 2381 Apostolica

116 2391 173 2432 sit
204 2391 433 2433 Messanae
465 2391 738 2434 Vniuersitas
755 2392 783 2434 4.
847 2392 1083 2445 Collegium
1125 2395 1242 2434 certe
1286 2392 1445 2435 nostris
1490 2391 1880 2434 commodissimum

115 2455 201 2498 iam
242 2471 349 2510 prop
364 2455 426 2510 [e]
468 2456 711 2511 perfectum
753 2459 843 2508 est,
888 2457 963 2499 sed
995 2457 1225 2499 adiunctae
1258 2458 1430 2499 scholae
1462 2458 1642 2499 necdum
1676 2455 1881 2497 exaedifi-

117 2523 254 2563 catae.
331 2521 451 2570 Quod
496 2521 731 2564 aedifitium
777 2522 927 2576 quanti
972 2525 1165 2573 constet,
1214 2523 1403 2564 nondum
1447 2526 1565 2564 certo
1608 2520 1879 2574 intelligitur.

116 2599 267 2639 parum
301 2585 438 2636 abest,
473 2585 574 2639 quin
595 2586 661 2628 bis
683 2586 800 2629 mille
824 2587 1003 2630 ducatos
1025 2587 1068 2628 in
1091 2587 1219 2630 istam
1245 2588 1585 2641 qualemcunque
1618 2588 1881 2628 structuram

239 2754 248 2774 ¹
276 2753 328 2786 Cf.
357 2763 465 2797 supra
489 2764 523 2797 p.
550 2753 618 2786 275
632 2754 654 2787 ⁵.

236 2807 249 2826 ‘2
275 2806 328 2839 En
354 2805 507 2839 indicem
532 2817 724 2850 pensorum
751 2808 787 2840 et
814 2807 1023 2852 disciplinae
1050 2807 1306 2848 scholasticae,
1343 2807 1581 2851 antiquiorem
1617 2807 1746 2841 ceteris
1773 2806 1881 2840 omni-

116 2859 202 2901 bus,
240 2859 299 2903 qui
327 2859 370 2893 ab
396 2858 478 2893 aliis
505 2858 666 2902 collegiis
694 2858 883 2894 Societatis
910 2861 945 2893 in
973 2860 1104 2904 vulgus
1131 2861 1252 2894 emissi
1279 2863 1382 2902 sunt,
1418 2860 1475 2894 vel
1503 2860 1632 2894 saltem
1659 2860 1810 2905 priorem
1839 2860 1881 2893 iis

117 2912 301 2953 omnibus,
338 2911 399 2955 qui
434 2911 619 2955 hucusque
654 2912 752 2956 typis
789 2912 960 2957 exscripti
996 2916 1091 2947 sunt.
1154 2913 1365 2956 catalogum
1401 2914 1578 2957 quendam
1614 2924 1879 2947 messanensem

117 2965 199 2999 anni
225 2964 385 3009 proxime
412 2964 525 2999 secuti
552 2965 717 3009 proponit
742 2966 920 2998 Palmum
945 2965 979 2999 in
1008 2966 1181 2999 Chronico
1208 2966 1233 3007 I,
1261 2966 1459 3000 371—372.

237 3018 250 3037 ³
275 3017 327 3051 De
353 3018 472 3062 pueris
499 3018 658 3061 graecis,
694 3029 782 3061 quos
809 3017 843 3052 S.
870 3018 1033 3061 Ignatius
1068 3019 1214 3052 alendos
1242 3022 1275 3052 et
1312 3019 1552 3054 instituendos
1583 3020 1762 3064 suscepit,
1798 3019 1880 3052 vide

118 3071 194 3105 eius
218 3070 360 3104 litteras
388 3070 422 3104 in
453 3071 600 3112 „Cartas
627 3071 669 3104 (16
696 3073 769 3104 San
799 3072 964 3114 lynceio·
997 3072 1038 3111 ΙΙ,
1068 3072 1264 3106 144—145.

236 3125 249 3143 ‘¹
276 3123 410 3157 Paulus
436 3124 497 3158 111.
532 3124 567 3157 id
603 3124 746 3167 quidem
772 3123 1066 3158 Messanensibus
1093 3127 1127 3158 et
1153 3124 1322 3158 Societati
1350 3125 1546 3165 concessit3
1582 3126 1643 3159 sed
1681 3125 1801 3159 varias
1836 3125 1878 3158 ob

118 3175 349 3211 difficultates
375 3177 519 3210 decreta
545 3176 682 3210 exitum
708 3188 777 3210 non
803 3176 960 3211 habuere
989 3177 1229 3220 (orlandinus
1255 3177 1276 3211 1,
1303 3190 1331 3212 0.
1359 3178 1432 3219 1.8‚
1460 3190 1492 3212 n.
1514 3179 1575 3218 14;
1603 3178 1625 3212 l.
1646 3179 1676 3219 9,
1703 3190 1736 3211 n.
1760 3178 1830 3221 19).
