2113 3430
203 221 287 261 1348
566 215 644 250 101.
681 214 847 249 Canisius
873 215 1000 249 Iacobo
1027 214 1161 249 Lainio.
1207 216 1260 250 10.
1288 215 1471 250 Februarii
1500 217 1600 251 1551.

202 334 372 376 audire:
396 334 607 387 majorem.
627 346 681 373 ex
703 332 786 374 illis
809 332 1051 386 profectum
1075 346 1309 386 sperarem,
1334 346 1463 385 quam
1481 334 1655 387 linguae
1675 334 1900 389 imperitus
1924 337 1967 376 et

202 399 387 452 ignavus
412 397 509 452 {sic}
545 398 814 450 colligebam⁷
850 412 979 450 quum
1013 397 1260 440 Florentiae
1292 397 1485 439 viverem
1512 413 1607 441 cum
1630 400 1680 442 R.
1706 400 1786 442 '121
1829 401 1967 454 Saepe

203 464 373 517 quidem
397 463 512 505 dolui
535 463 805 504 occasionem
838 463 969 512 illam,
1005 476 1114 516 quae
1136 465 1241 504 tunc
1262 465 1419 516 parata
1441 467 1548 513 erat,
1583 479 1668 506 non
1691 466 1966 507 observatam

203 544 228 570 a
260 543 327 570 me
360 528 492 570 fuisse
526 527 796 581 diligentius,
841 541 977 581 eoque
1009 527 1150 581 magis
1181 541 1335 581 precor
1368 527 1417 570 R.
1451 527 1498 570 P.
1532 528 1579 571 T.
1614 532 1661 572 ut
1692 530 1890 584 precibus
1924 532 1965 571 et

203 593 424 635 sacrificiis
457 593 545 634 suis
577 607 645 634 me
678 593 769 634 Deo
803 593 1087 643 commendet,
1121 592 1241 634 cuius
1273 592 1514 645 gratiam
1546 593 1599 634 in
1630 608 1857 636 vacuum
1890 609 1966 636 rc-

204 659 422 713 cipere2
454 658 635 700 necdum
669 672 812 707 cesso,
858 658 961 699 mihi
1002 672 1174 712 semper
1205 657 1356 699 similis
1388 657 1431 698 id
1463 660 1530 700 est
1561 658 1603 700 in
1636 659 1716 701 hac
1750 660 1967 702 Societate

203 738 401 766 servus
441 724 601 778 piger
642 726 695 765 et
735 723 1005 765 inutilis3.

322 790 504 831 Romam
537 788 768 841 aliquando
802 788 952 842 scripsi
987 789 1038 830 de
1071 788 1363 838 Catechismo,
1397 788 1468 841 qui
1503 788 1785 831 Germanicae
1816 789 1966 831 iuven-

203 854 287 897 tuti
330 857 644 908 proponeretur
684 854 808 895 iuxta
842 853 1073 896 Societatis
1105 855 1282 895 nostrae
1316 856 1360 895 et
1400 853 1545 895 iudicii
1575 854 1638 896 tui
1671 854 1883 896 rationem
1916 869 1966 896 ac

204 919 486 974 disciplinam.
551 919 635 960 Sed
667 922 711 961 et
743 919 793 961 ll.
829 919 873 960 P.
909 918 1110 960 Claudius
1141 918 1254 960 idem
1287 919 1339 959 ad
1374 932 1452 960 nos
1494 918 1689 972 scripsit,
1739 920 1966 962 consultis-

203 984 357 1026 simum
389 984 469 1025 sibi
502 983 660 1034 videri,
704 983 739 1024 si
773 984 818 1026 P.
853 984 900 1026 T.
936 983 1190 1036 dignaretur
1232 983 1473 1026 doctrinam
1506 983 1838 1026 (JHRIStianam
1880 986 1967 1026 col-

202 1050 349 1103 ligere,
374 1052 422 1091 ut
446 1049 671 1091 Germanis
688 1049 833 1103 pueris
851 1051 895 1091 et
913 1048 1243 1102 simplicioribus
1262 1048 1501 1102 quibusque
1520 1049 1716 1091 doctrina
1733 1049 1966 1097 Ecclesiae,

204 1129 229 1156 a
262 1128 346 1167 qua
378 1117 468 1156 tam
509 1115 638 1167 longe
671 1115 897 1163 aberrant,
940 1113 1110 1155 facilius
1143 1114 1530 1156 commendaretur.
1595 1114 1689 1167 Ego
1723 1128 1852 1169 saepe
1884 1128 1969 1156 una

204 1194 299 1221 cum
331 1179 539 1221 fratribus
570 1179 614 1220 in
647 1179 798 1221 eadem
830 1179 892 1220 fui
925 1179 1154 1229 sententia,
1194 1179 1425 1233 plurimum
1457 1193 1610 1233 nempe
1642 1178 1766 1221 nobis
1799 1181 1843 1221 et
1875 1179 1970 1221 aliis

203 1245 408 1298 prodesse
430 1259 556 1299 posse
578 1259 656 1299 per
675 1244 963 1294 Germaniam,
989 1244 1024 1286 si
1047 1244 1322 1286 secundum
1346 1244 1573 1297 gratiam
1596 1259 1621 1286 a
1639 1245 1742 1286 Deo
1767 1245 1937 1287 datam
1954 1245 1970 1271 4

203 1310 254 1352 R.
283 1310 330 1352 T.
364 1310 516 1352 modus
549 1309 896 1352 conscriberetur
928 1309 1097 1362 aliquis,
1131 1309 1203 1362 qui
1235 1309 1410 1363 propius
1444 1309 1497 1350 ad
1529 1309 1818 1352 instituendos
1851 1313 1969 1352 reete

204 1375 501 1417 adolescentes
534 1376 782 1425 accederet,
825 1389 955 1427 quam
987 1374 1181 1428 plerique
1223 1374 1295 1416 alii
1328 1374 1490 1428 passim
1531 1374 1663 1417 aediti
1695 1374 1967 1425 Catechismi,

204 1440 273 1493 qui
317 1440 448 1482 etiam
491 1454 620 1494 saepe
661 1443 817 1482 nocent
859 1440 1120 1482 iuventuti5.
1183 1440 1406 1492 Rogamus
1447 1439 1581 1493 igitur
1623 1440 1769 1490 enixe,
1813 1442 1855 1482 et
1890 1455 1967 1494 pro

203 1505 314 1547 bono
349 1505 606 1547 Germaniae
638 1505 807 1559 publico
841 1505 1157 1555 desideramus,
1200 1507 1248 1547 ut
1289 1504 1325 1545 si
1358 1504 1554 1546 dominus
1594 1504 1775 1559 inspiret
1807 1504 1968 1558 aliquid

203 1570 258 1611 ad
291 1570 400 1612 hanc
439 1585 528 1612 rem
562 1570 906 1621 accommodum,
950 1570 1073 1611 nobis
1105 1569 1420 1611 communicare
1453 1569 1664 1623 digneris,
1707 1570 1839 1612 missa
1870 1570 1966 1620 huc,

203 1635 239 1676 si
271 1636 357 1677 ullo
380 1635 506 1677 modo
530 1635 731 1678 videatur
763 1635 1019 1686 consultum,
1055 1635 1251 1677 doctrina
1273 1634 1530 1677 Christiana.
1575 1635 1822 1676 Efficiemus
1855 1635 1967 1676 enim

202 1700 380 1742 favente
414 1700 605 1750 domino,
640 1703 688 1743 ut
719 1700 1053 1753 haudquaquam
1086 1700 1251 1742 frustra
1283 1700 1394 1741 hunc
1426 1700 1618 1742 laborem
1650 1700 1891 1754 suscepisse
1924 1703 1966 1742 et

202 1765 325 1807 nobis
357 1766 455 1807 filiis
488 1766 690 1807 annuisse
723 1765 911 1807 videaris
928 1766 955 1808 ⁶.

321 1831 385 1872 De
409 1831 458 1873 R.
484 1831 529 1873 P.
554 1830 736 1872 Nicolao
771 1831 993 1881 Goudano,
1028 1830 1097 1883 qui
1132 1830 1294 1884 primus
1316 1830 1512 1872 Venetiis
1544 1832 1689 1872 rector
1721 1832 1965 1872 nostrorum

202 1895 306 1945 fuit,
350 1895 605 1938 intellexisti
646 1895 855 1946 arbitror,
899 1896 1011 1948 quod
1053 1895 1096 1936 in
1138 1896 1278 1936 locum
1311 1895 1360 1937 R.
1395 1895 1441 1937 P.
1475 1895 1686 1949 Alphonsi
1716 1895 1799 1937 huc
1835 1894 1967 1937 fuerit

204 1960 457 2002 destinatus.
521 1961 563 2001 Is
596 1960 786 2013 quotidie
820 1961 945 2002 docet
978 1963 1054 2003 aut
1084 1960 1127 2001 in
1160 1959 1326 2002 Ethicis
1358 1959 1628 2011 Aristotelis,
1671 1963 1747 2003 aut
1778 1959 1820 2001 in
1853 1960 1966 2001 Pau-

202 2024 289 2066 lina
323 2025 378 2067 ad
399 2026 522 2067 Rom.
547 2025 744 2079 epistola,
778 2039 857 2067 nec
879 2026 1011 2067 habet
1033 2025 1273 2079 pauciores,
1308 2039 1436 2078 quam
1459 2026 1504 2067 P.
1529 2025 1776 2079 Alphonsus
1801 2024 1965 2075 habuit,

203 2090 443 2139 auditores,
487 2090 640 2143 quibus
682 2090 813 2133 etiam
847 2090 925 2132 Dei
967 2090 1111 2143 gratia
1144 2090 1383 2141 satisfacit,
1425 2091 1629 2143 valetque
1660 2090 1890 2144 plurimum
1924 2089 1967 2131 in

203 2154 567 2209 disputationibus
599 2155 793 2209 publicis.
839 2155 933 2208 Ego
965 2155 1009 2196 in
1043 2155 1277 2198 Sententiis
1305 2155 1459 2197 docere
1482 2169 1638 2209 pergo;
1671 2155 1796 2198 festis
1819 2155 1967 2196 diebus

204 2220 528 2262 concionamur:
563 2221 746 2261 multum
768 2220 933 2273 negotii
957 2222 1001 2262 et
1022 2220 1213 2261 nonnihil
1237 2220 1405 2262 fructus
1432 2220 1682 2274 spiritualis,
1716 2219 1784 2261 hic
1816 2220 1967 2262 tribuit

225 2286 477 2335 ‘rectoratus
513 2285 578 2326 cui
611 2285 777 2328 utinam
811 2285 925 2326 omni
958 2299 1013 2327 ex
1045 2288 1170 2339 parte
1203 2285 1458 2327 satisfacere
1490 2298 1674 2339 possem.
1724 2285 1807 2326 Sed
1839 2284 1966 2331 nosti,

202 2350 328 2391 tarde
350 2352 644 2392 maturescere
667 2364 851 2392 messem
876 2351 990 2404 apud
1014 2351 1264 2401 Germanos,
1300 2364 1435 2403 eoque
1467 2349 1716 2403 diligentius
1739 2349 1968 2391 Dominum

203 2418 298 2457 oret
319 2429 397 2469 pro
421 2415 542 2456 nobis
560 2415 610 2457 n.
630 2415 693 2465 T.,
718 2418 766 2457 ut
789 2429 811 2457 e
833 2418 961 2469 petra
983 2429 1118 2469 panes
1134 2416 1150 2442 7
1173 2418 1217 2457 et
1240 2415 1433 2457 homines
1455 2415 1546 2456 Deo
1570 2414 1687 2467 digni
1710 2414 1966 2456 efficiantur.

204 2480 365 2533 Magna
396 2479 439 2520 in
472 2480 777 2533 expectatione
809 2495 956 2522 sumus
989 2480 1124 2523 futuri
1147 2480 1337 2533 Collegii,
1373 2494 1456 2521 non
1489 2480 1626 2521 solum
1659 2479 1701 2520 id
1724 2479 1858 2530 nobis,
1893 2480 1969 2521 sed

204 2544 334 2586 ctiam
376 2544 574 2587 Pontifici
618 2545 876 2599 promissum
918 2548 985 2587 est
1025 2560 1051 2587 a
1092 2547 1210 2587 Duce
1227 2546 1255 2595 S,
1303 2559 1429 2597 quem
1469 2544 1556 2587 tuis
1598 2544 1730 2586 etiam
1770 2544 1968 2598 precibus

203 2610 564 2657 commendamus.
629 2610 736 2651 Tres
768 2610 849 2651 hoc
887 2611 980 2651 loco
1013 2624 1250 2652 manemus.
1306 2610 1361 2652 M.
1396 2610 1552 2651 Petrus
1568 2611 1583 2635 9
1625 2609 1696 2662 qui
1736 2609 1892 2651 tertius
1925 2613 1967 2652 et

203 2674 379 2716 chariss.
414 2674 552 2717 frater
583 2675 729 2725 adest,
763 2675 885 2717 brevi
917 2675 1197 2717 Aristotelem
1230 2675 1274 2716 in
1306 2674 1476 2728 Logicis
1509 2674 1815 2728 auspicabitur.
1881 2675 1967 2715 Ra-

204 2739 370 2781 rissime
412 2740 467 2781 ad
508 2754 585 2781 nos
619 2754 671 2781 ex
706 2740 834 2782 ltalia
875 2740 1099 2789 scribitur,
1142 2742 1330 2793 tuaeque
1363 2739 1667 2794 occupationes
1700 2741 1743 2780 et
1775 2738 1966 2781 tenuitas

327 2886 333 2904 ¹
363 2884 527 2918 Canisins
562 2896 582 2918 a
617 2896 738 2919 mense
765 2885 866 2918 lunio
899 2896 1013 2929 usque
1050 2885 1093 2918 ad
1120 2884 1366 2929 Septembrem
1403 2884 1484 2918 anni
1514 2884 1602 2918 1547
1635 2894 1713 2917 cum
1740 2881 1862 2916 Lainio
1888 2881 1966 2914 Flo-

205 2937 340 2970 rentiae
368 2938 497 2971 fuerat.
550 2937 640 2971 Vide
666 2950 774 2982 supra
802 2950 834 2982 p.
862 2938 905 2971 47
920 2939 943 2971 ⁴.
1090 2940 1102 2957 '·'
1130 2938 1150 2970 2
1180 2937 1257 2971 Cor.
1285 2938 1316 2978 6,
1347 2938 1376 2970 1.

325 2991 337 3008 ²¹
364 2990 491 3023 Mauh.
519 2991 574 3027 ⁶25.
603 2991 657 3024 2⁴3.
687 2991 741 3025 30.
786 2990 869 3024 Luc.
900 2991 953 3031 17,
983 2991 1035 3025 10.
1183 2992 1195 3010 ⁴
1223 2990 1321 3024 Rom.
1352 2990 1404 3031 12,
1432 2990 1463 3023 6.

326 3043 337 3060 ·“’
368 3042 453 3076 Vide
480 3055 589 3088 supra
615 3056 648 3088 p.
676 3044 755 3077 313.
784 3044 982 3077 328—329.

325 3095 337 3113 e
363 3094 507 3129 Lainius
542 3096 622 3129 aliis
657 3108 798 3140 semper
834 3096 948 3140 iisque
985 3095 1211 3139 gravissimis
1246 3095 1401 3138 negotiis
1436 3093 1628 3138 impeditus
1664 3095 1737 3133 cst,
1777 3092 1966 3136 quominus

206 3146 460 3180 catechismum
488 3149 563 3192 ipse
590 3149 842 3183 conscriberet.

325 3199 337 3218 ⁷
365 3200 416 3232 Cf.
446 3200 573 3234 Matth.
601 3202 632 3238 4,
660 3203 691 3235 3.
838 3204 851 3221 ⁸
877 3201 967 3235 Vide
994 3212 1103 3246 supra
1130 3213 1162 3245 p.
1190 3200 1269 3234 333.
1416 3200 1428 3219 ⁰
1455 3197 1693 3232 Schoriehius.
