2113 3430
792 209 844 243 1‘2.
871 208 1084 242 Novembris
1112 208 1212 242 1548.
1793 213 1847 253 29
1855 213 1875 252 1

121 329 303 372 Sanctos
335 328 535 369 Coloniae
568 327 816 382 Episcopos,
850 326 1089 379 Martijres,
1124 325 1326 378 Virgines
1359 328 1402 368 et
1434 340 1512 367 vos
1545 340 1692 368 01111105
1725 326 1880 368 obnixe

120 407 292 448 precor,
328 406 409 446 quo
441 406 581 433 meam
613 391 783 434 Christo
815 405 1013 433 caussam
1044 390 1211 432 solicite
1250 390 1578 440 commendetis,
1622 405 1671 432 ac
1704 405 1780 445 pro
1813 405 1882 432 me

122 457 235 512 apud
268 457 449 499 Sanctos
482 456 611 498 etiam
653 456 769 510 ipsos
800 455 1093 498 intercedatis.
1158 455 1337 505 Quidam
1370 455 1457 497 suis
1490 469 1557 496 me
1590 455 1726 497 literis
1759 455 1882 497 Colo-

122 522 237 564 niam
269 523 498 563 reuocant:
538 535 616 562 vos
648 521 903 563 imbecillem
934 521 1047 562 hunc
1080 519 1267 562 animum
1301 520 1499 573 precibus
1533 521 1586 561 ad
1619 520 1806 574 seipsum
1839 523 1883 562 et

121 587 166 628 in
198 587 335 628 Deum
375 586 516 640 ipsum
560 589 775 628 reuocate.
840 586 1020 628 Frustra
1064 585 1177 627 enim
1218 585 1385 638 agitur,
1427 587 1590 627 temere
1628 585 1880 634 instituitur,

123 652 236 705 quod
279 651 455 692 coelesti
496 651 667 701 fauore,
710 654 915 704 rectaque
956 650 1124 692 ratione
1166 664 1216 692 ac
1249 649 1380 692 animi
1421 649 1716 692 moderatione
1750 653 1882 692 caret.

124 716 245 766 Quod
266 716 302 757 si
324 715 539 758 CHRISto
562 716 695 757 semel
726 730 804 757 nos
827 715 1078 765 dedidimus,
1112 718 1348 768 nostraque
1381 714 1523 756 onmia
1555 714 1883 768 resignauimus,

124 781 167 822 in
189 780 303 822 illius
326 781 552 823 voluntate
575 780 848 823 sanctissima
872 780 1239 833 conquiescamus,
1273 794 1358 821 non
1391 780 1442 821 de
1474 779 1617 834 patria
1650 779 1885 834 repetenda

125 845 301 896 soliciti,
345 860 429 887 non
462 846 505 886 in
537 845 691 899 studijs
724 845 1024 887 continuandis
1055 845 1211 899 tepidi,
1246 846 1448 898 nullaque
1481 849 1555 887 aut
1589 845 1779 886 locorum
1812 847 1885 886 aut

125 913 367 964 temporum
400 910 615 953 varietate
648 910 862 953 commoti.
927 910 1026 951 Dux
1059 913 1103 952 et
1134 912 1260 952 autor
1292 910 1584 960 CHRISTVS,
1619 923 1748 963 prora
1779 924 1886 963 pup-

126 975 277 1030 pisque
318 975 470 1017 salutis
510 975 745 1017 humanae:
790 975 899 1016 fidus
940 975 1114 1027 auriga,
1158 978 1201 1017 et
1244 989 1370 1028 quam
1412 974 1629 1028 sequendo
1670 973 1763 1016 falli
1803 988 1889 1015 non

127 1055 377 1095 possumus,
424 1039 606 1082 amussis
649 1042 769 1082 recta
814 1042 880 1082 est
925 1039 1190 1082 obedientia:
1237 1043 1382 1082 custos
1425 1039 1610 1082 inuictus
1654 1038 1888 1085 humilitas,

129 1105 236 1147 coeli
278 1105 438 1147 ianitor
480 1104 691 1159 patientia
735 1118 1045 1158 perseuerans,
1092 1107 1136 1147 et
1182 1104 1509 1158 perseuerantia
1551 1104 1734 1158 patiens.
1811 1103 1890 1144 His

129 1170 265 1212 veluti
286 1169 546 1212 satellitibus
569 1169 756 1211 omnium
779 1169 1027 1211 fortissimis
1056 1169 1206 1223 stipati
1227 1169 1346 1211 vitae
1368 1169 1492 1211 huius
1515 1169 1773 1211 curriculum
1794 1170 1890 1210 tuto

129 1249 442 1289 percurremus,
477 1237 520 1277 et
552 1234 792 1287 vbicunque
823 1234 1000 1277 tandem
1032 1234 1330 1288 desyderanda
1362 1248 1477 1275 mors
1510 1235 1659 1276 exules
1690 1233 1890 1287 reperiet,

131 1301 184 1342 ab
216 1299 289 1341 illo
321 1302 469 1342 tamen
501 1299 695 1342 abstrahi
728 1299 958 1352 diuellique
990 1314 1075 1341 non
1106 1299 1356 1353 poterimus,
1391 1299 1463 1352 qui
1495 1299 1612 1340 solus
1635 1313 1690 1340 ex
1711 1297 1892 1340 mortuis

130 1364 276 1415 vinos,
321 1379 374 1406 ex
411 1364 579 1406 miseris
620 1365 793 1414 beatos,
837 1364 1087 1417 aeternique
1118 1364 1241 1417 regni
1273 1364 1338 1405 sui
1370 1364 1603 1418 participes
1634 1363 1752 1405 facit.
1816 1363 1893 1404 Ex

131 1430 250 1484 ipso
293 1429 489 1479 omnia,
535 1429 587 1470 in
627 1429 745 1484 ipso
789 1433 840 1471 et
881 1443 977 1483 per
1019 1429 1194 1483 ipsum
1236 1429 1463 1479 omnia1,
1507 1428 1577 1481 qui
1619 1428 1684 1470 sui
1726 1442 1895 1482 semper

133 1494 362 1537 dilectione
394 1509 472 1536 nos
504 1497 684 1537 renouet
716 1497 846 1547 atque
879 1494 1084 1536 defendat
1116 1509 1253 1537 amen.
1307 1495 1535 1536 Messanae
1561 1496 1613 1534 12
1636 1493 1895 1535 Nouembris

134 1574 246 1601 anno
273 1561 397 1602 1548.
447 1559 621 1602 Amicos
652 1574 747 1602 meo
779 1560 951 1602 nomine
984 1560 1197 1602 salutatos
1227 1559 1369 1609 velim,
1403 1562 1447 1602 te
1481 1574 1576 1601 cum
1607 1558 1756 1613 primis
1778 1558 1896 1600 iubet

134 1625 304 1667 saluere
337 1625 382 1667 P.
418 1624 638 1667 Cornelius
652 1626 680 1676 2,
715 1640 765 1667 ac
797 1625 950 1679 reliqui
983 1625 1114 1667 etiam
1148 1625 1227 1667 hoc
1259 1625 1355 1666 1000
1387 1624 1560 1667 fratres.

1162 1702 1317 1743 Frater
1348 1704 1449 1743 tuus
1480 1702 1527 1744 P.
1561 1701 1777 1743 Kanisius.

253 1785 437 1828 Chariss.
471 1786 599 1829 fratri
632 1787 688 1828 M.
722 1785 946 1827 Leonardo
979 1784 1259 1835 Louaniensi,
1303 1784 1504 1826 Coloniae
1542 1783 1656 1838 apud
1687 1784 1895 1837 templum

135 1850 502 1894 praedicatorum.
567 1851 779 1893 Coloniae.

257 1948 379 1980 Liceat
413 1948 470 1980 hic
506 1959 548 1980 ew
587 1948 760 1980 Chronico
796 1947 834 1980 P.
872 1947 1020 1980 Ioannis
1055 1947 1095 1979 de
1130 1947 1284 1979 Polcmco
1320 1956 1434 1988 nuper
1464 1947 1622 1988 primum
1660 1945 1750 1977 edito
1787 1944 1896 1977 Iocum

137 2001 395 2043 transcribere,
431 2011 498 2044 quo
535 2012 575 2033 ear
610 2001 651 2033 de
680 2000 824 2033 Cam'sz'o
852 2001 1081 2043 referuntur,
1117 2011 1207 2043 qnae
1243 2010 1350 2042 usque
1379 1999 1495 2031 (ullane
1521 2008 1637 2031 omnes
1667 1997 1805 2030 canisii
1831 1998 1899 2030 bio-

135 2053 292 2096 (Jrapleos
322 2055 523 2096 latuerunt,
560 2064 715 2096 quaeque
741 2054 925 2096 ‹pistedam
956 2053 1095 2086 Canisie'
1121 2053 1220 2085 modo
1250 2053 1472 2095 propositam
1510 2052 1623 2094 maql's
1659 2051 1837 2093 explicant
1873 2054 1901 2081 et

139 2108 242 2149 quasi
267 2107 508 2149 wnplificant:
548 2106 655 2147 „Cum
683 2105 798 2150 [initio
825 2104 1032 2149 3111111549]
1060 2105 1153 2150 apud
1180 2105 1422 2138 dominicanos
1447 2103 1735 2147 [messanenses]‚
1763 2103 1797 2136 in
1824 2114 1900 2147 pro-

138 2158 283 2193 vinciali
318 2159 474 2204 ipsorum
511 2159 685 2203 capitulo,
721 2171 783 2203 pro
818 2170 935 2199 more,
972 2161 1051 2192 octo
1078 2158 1202 2192 diebus
1233 2157 1373 2203 publice
1400 2157 1594 2202 positiones
1620 2157 1656 2190 in
1682 2157 1840 2201 ipsorum
1867 2159 1902 2189 et

138 2212 334 2246 cathedrali
360 2212 495 2257 templo
522 2213 815 2253 defenderentur,
847 2212 990 2246 invitati
1017 2212 1129 2246 nostri
1156 2212 1200 2246 ad
1228 2211 1479 2256 disputandum
1506 2210 1661 2244 fuerunt.
1713 2209 1752 2243 P.
1780 2209 1901 2242 Hiero-

138 2277 267 2310 nymus
293 2265 433 2300 Natalis
461 2278 541 2299 011111
560 2266 727 2300 Patribus
747 2265 889 2300 Canisio
910 2267 945 2299 et
963 2265 1087 2299 Frusio
1115 2277 1154 2299 eo
1181 2277 1219 2299 se
1247 2264 1416 2303 eontulit;
1445 2264 1567 2298 aderat
1595 2264 1703 2297 etiam
1730 2262 1904 2305 magister

140 2319 297 2353 Isidorus
324 2318 501 2363 [Bellini]:
540 2321 575 2353 et
600 2321 675 2353 tam
700 2330 868 2364 prospere
894 2318 1071 2353 successit
1097 2318 1292 2363 disputatio
1322 2318 1450 2363 (primo
1478 2319 1597 2351 autem
1623 2317 1700 2350 loeo
1727 2316 1784 2349 vel
1812 2316 1904 2348 inter

138 2372 271 2416 primos
297 2372 540 2417 disputarunt)
580 2375 620 2407 ut
645 2372 877 2406 Providentia
913 2372 1033 2406 divina
1068 2372 1103 2406 id
1142 2373 1278 2406 sactum
1314 2371 1501 2412 videatur,
1541 2382 1631 2414 quae
1668 2372 1702 2403 et
1738 2369 1833 2402 vires
1869 2369 1903 2401 et

142 2425 295 2468 gratiam
330 2425 364 2459 in
401 2425 613 2470 disputando
649 2426 699 2460 sic
736 2425 852 2461 dedit.
888 2427 926 2459 ut
963 2425 1112 2469 Collegii
1150 2423 1418 2469 [messanensis]
1457 2423 1697 2464 existimatio,
1733 2422 1825 2465 quod
1861 2421 1903 2454 ad

140 2478 279 2512 litteras
299 2478 437 2519 attinet,
464 2479 592 2512 mirum
620 2479 655 2512 in
680 2479 823 2513 modum
850 2479 943 2523 apud
968 2478 1137 2523 populum
1156 2478 1263 2513 immo
1283 2480 1319 2512 et
1336 2478 1430 2522 apud
1451 2477 1604 2511 insulam
1624 2477 1903 2521 promoveretur.

142 2530 253 2564 Erant
288 2531 380 2565 enim
415 2531 468 2565 illi
502 2532 660 2576 religiosi
696 2532 807 2566 totius
837 2532 971 2566 ordinis
997 2532 1032 2565 111
1059 2543 1100 2565 03
1126 2532 1310 2576 provincia
1338 2531 1576 2569 celel›e1·rimi;
1615 2532 1649 2563 et
1676 2527 1905 2562 nihilominus

142 2596 222 2618 cum
249 2584 434 2628 applausu,
461 2586 535 2618 tam
562 2585 745 2620 doctorum
772 2597 879 2629 (1113111
904 2585 1126 2619 indoctorum
1153 2585 1264 2619 nostri
1292 2597 1330 2619 se
1357 2584 1514 2627 gessisse
1542 2583 1608 2617 visi
1637 2584 1731 2619 sunt.
1759 2583 1794 2615 et
1820 2592 1906 2614 nun-

143 2648 249 2680 quam
274 2637 403 2671 melius
429 2649 468 2671 eo
495 2638 637 2672 functos
663 2638 779 2672 officio
806 2639 938 2679 fuisse,
978 2650 1084 2682 quam
1110 2640 1215 2679 tune,
1251 2638 1327 2682 ipse
1354 2638 1393 2671 P.
1420 2636 1560 2670 Natalis
1587 2636 1785 2680 profitetur.
1838 2633 1905 2667 Sed

142 2690 229 2724 illud
264 2690 356 2724 inter
392 2693 533 2724 caetera
569 2691 677 2724 animi
713 2703 821 2725 causa
857 2692 1012 2734 dic-atur,
1049 2691 1143 2735 quod
1180 2691 1218 2725 P.
1248 2690 1413 2724 Canisius
1450 2690 1491 2723 (10
1518 2691 1696 2733 potestate
1722 2686 1906 2721 Ecclesiae

148 2825 320 2868 (Litterae
347 2825 628 2869 quadrimestres
661 2825 692 2865 I,
722 2826 935 2867 125—126),
986 2826 1162 2858 Polancns
1198 2824 1240 2858 ad
1277 2835 1406 2857 almum
1438 2824 1546 2857 1543:
1586 2822 1716 2865 „Pater
1743 2823 1907 2857 Canisius

144 2878 264 2912 italice
299 2878 423 2912 diebus
460 2878 567 2912 etiam
604 2877 788 2912 (lominicis
825 2878 1118 2912 concionabatur‘
1153 2877 1367 2919 (Clironieon
1403 2877 1438 2917 1,
1474 2877 1571 2918 ‘gs-3).
1634 2876 1906 2919 Nonnumquam

145 2934 264 2965 autem
299 2943 481 2966 sermones
517 2942 637 2965 sacros
673 2931 780 2964 etiam
818 2931 852 2964 in
888 2931 1038 2964 ecclesia
1080 2930 1132 2971 „S.
1161 2930 1273 2963 Maria
1302 2930 1335 2963 di
1363 2929 1557 2963 Montalt&
1600 2929 1674 2972 (vel
1714 2929 1768 2971 „S
1795 2929 1906 2962 Maria

147 2984 360 3028 dell’Alto“)
389 2985 552 3021 habebat,
581 2995 671 3027 quae
698 2983 902 3017 monialium
931 2983 1212 3017 cisterciensium
1240 2985 1326 3016 erat.
1366 2982 1443 3015 Hae
1471 2994 1491 3016 a
1519 2981 1695 3016 Soeietate
1722 2982 1909 3027 petierant.

148 3040 187 3071 ut
223 3049 282 3078 ea,
319 3049 408 3081 quae
445 3038 489 3071 ad
525 3037 730 3080 religiosam
767 3037 1021 3081 perfeetitmem
1048 3036 1286 3080 pertinerent,
1323 3036 1556 3069 edocerentur
1586 3035 1729 3079 (Cartas
1765 3036 1807 3069 de
1835 3037 1907 3069 San

149 3092 292 3132 1911αοῐο
320 3091 360 3132 ll,
388 3091 585 3125 215ss217.
637 3092 813 3123 Polaticus
838 3090 860 3123 l.
889 3102 916 3123 (·.
945 3090 969 3130 Ι,
997 3090 1075 3123 369.
1127 3090 1221 3122 Plus.
1251 3090 1430 3132 Sampiers
1456 3089 1489 3122 S.
1512 3089 1557 3132 ι1.,
1585 3088 1787 3131 Ieonologia
1815 3088 1907 3121 della

149 3143 303 3186 gloriosa
330 3144 477 3187 vergine
504 3144 627 3177 Madre
655 3143 688 3177 (li
715 3143 780 3177 Dio
810 3143 934 3183 Maria,
961 3142 1175 3176 Protettriee
1202 3142 1235 3175 di
1263 3142 1419 3176 Mes-sina
1447 3141 1618 3185 [Messina
1650 3142 1752 3185 1644]
1780 3153 1812 3185 p.
1842 3141 1909 3175 :397

150 3196 193 3229 ad
223 3196 320 3240 399).
470 3198 477 3217 ¹
505 3197 604 3231 Rom.
636 3198 687 3237 ll,
715 3198 769 3230 36.
916 3196 929 3216 ‘-'
953 3194 1191 3229 Vishavaeus.

1560 3255 1634 3286 19*
