2113 3430
226 198 308 238 186
589 193 643 228 28.
680 192 844 228 Canisius
871 191 1070 228 candidatis
1096 192 1307 237 theologicis
1332 193 1604 230 coloniensibus.

221 313 449 366 intelliget,
485 311 676 366 quisquis
709 325 792 353 non
824 310 957 352 libros
990 310 1129 353 dicam
1150 309 1388 362 Vniuersos,
1421 312 1496 354 sed
1518 313 1671 355 saltem
1705 313 1747 354 in
1769 312 1980 355 Iulianum

223 379 390 422 acditos
432 377 760 431 contempletur.
824 376 872 417 In
907 375 1059 429 quibus
1091 375 1211 417 libris
1253 389 1307 417 ex
1339 376 1571 429 gentilibus
1604 381 1648 420 et
1679 377 1814 420 sacris
1845 377 1982 420 literis

222 444 284 486 ita
325 446 520 486 nostram
562 441 782 484 adstruxit
824 441 974 491 fidem,
1018 444 1061 483 et
1093 440 1247 482 Iuliani
1280 441 1531 484 fatuitatem
1565 443 1775 494 ostendit,
1817 445 1866 485 vt
1897 456 1982 484 non

222 509 308 550 iam
342 509 479 550 solum
513 507 778 560 Theologus,
825 506 900 548 sed
933 506 975 547 in
1009 505 1205 547 omnibus
1238 505 1409 559 quidem
1443 506 1677 561 disciplinis
1710 507 1982 550 exercitatis-

222 574 355 615 simus
389 572 703 627 comprobetur.
753 571 914 613 Verum
947 570 1213 625 praecedunt
1244 570 1525 624 Dialogorum
1558 585 1725 626 quoque
1756 572 1853 614 libri
1885 586 1982 627 sep—

221 641 323 689 tem,
358 652 464 691 quos
498 637 549 679 de
582 638 733 678 sancta
767 635 1211 689 consubstantialique
1234 635 1447 678 Trinitate
1470 635 1748 690 conscriptos,
1783 636 1982 680 eruditis-

222 703 329 745 simo
370 702 498 745 fratri
539 716 615 743 suo
649 701 903 743 Nemessino
946 700 1215 751 dedicauitl,
1259 700 1555 743 characterem
1597 701 1763 744 dicendi
1804 716 1983 744 seruans

223 768 540 822 dialogeticum.
604 765 846 809 Introducit
878 765 989 808 enim
1025 766 1339 819 colloquentem
1381 779 1527 808 secum
1559 766 1802 818 Hermiam,
1843 767 1981 808 virum

223 833 288 886 (vt
319 833 411 888 ipse
440 832 560 885 dicit)
595 834 639 874 et
671 830 966 873 doctissimum
998 832 1041 873 et
1073 830 1391 884 aequissimum,
1427 830 1545 873 cuius
1579 832 1752 873 crebras
1783 832 1983 886 proponit

222 897 608 952 interrogationes,
643 899 692 938 vt
724 898 1027 949 argumentum
1060 896 1198 937 modis
1231 895 1427 938 omnibus
1461 896 1709 947 obscurum,
1753 910 1804 938 ea
1835 911 1982 951 perso-

222 978 375 1006 narum
408 963 647 1012 varietate,
683 975 811 1014 quam
843 960 935 1002 fieri
967 961 1105 1015 possit
1138 960 1461 1011 dilucidissime,
1496 961 1617 1003 nobis
1651 961 1834 1004 efferret.
1898 962 1982 1003 Ac-

223 1029 380 1071 cedunt
412 1027 736 1082 quatuordecim
768 1026 886 1077 libri,
921 1040 1027 1079 quos
1060 1026 1270 1068 Thesauri
1302 1026 1472 1068 nomine
1505 1027 1712 1068 aduersus
1742 1026 1984 1069 haereticos

222 1093 452 1148 inscripsit.
516 1092 753 1135 Duodecim
785 1091 998 1146 prioribus
1030 1091 1217 1133 Arianos
1259 1094 1303 1134 et
1334 1092 1626 1134 Eunomianos
1666 1091 1709 1133 in
1740 1091 1871 1133 filium
1903 1091 1983 1133 Dei

224 1160 493 1202 oblatrantes
517 1157 735 1200 confutat:
768 1156 999 1211 postremis
1025 1157 1189 1198 duobus
1211 1157 1544 1199 Macedonianos
1567 1156 1765 1211 spiritum
1787 1158 1982 1198 sanctum

225 1224 436 1266 creaturis
478 1224 812 1265 annumerantes
854 1221 1027 1264 refellit.
1091 1221 1308 1264 Inciderat
1350 1222 1462 1264 enim
1496 1225 1539 1265 et
1572 1221 1755 1276 Cyrillus
1796 1221 1839 1263 in
1871 1221 1984 1276 peri-

224 1289 491 1331 culosissima
512 1291 723 1342 tempora,
754 1287 907 1341 quibus
929 1289 1068 1330 totum
1093 1287 1239 1329 orbem
1261 1286 1640 1341 pestilentissimus
1661 1287 1733 1329 ille
1755 1286 1984 1329 Nestorius

223 1355 312 1396 suis
354 1353 615 1408 blasphemis
657 1355 950 1395 commouerat
992 1351 1278 1406 dogmatibus.
1341 1352 1455 1394 Nam
1488 1352 1758 1395 Antiochena
1800 1354 1844 1394 et
1876 1352 1984 1393 Con-

223 1420 612 1474 stantinopolitana
655 1417 850 1460 Ecclesia
894 1417 1143 1470 aliquandiu
1190 1417 1392 1460 Nestorio
1443 1418 1642 1468 fauebat,
1698 1420 1742 1459 et
1788 1417 1984 1459 Romana

222 1485 604 1538 Alexandrinaque
627 1487 670 1526 et
693 1483 1103 1537 Hierosolymitana,
1127 1482 1212 1524 imo
1236 1483 1455 1525 Catholica
1478 1483 1777 1525 diuexabatur.
1817 1482 1982 1537 Lupum

223 1551 356 1604 igitur
395 1550 492 1592 fidei
534 1549 749 1591 infensum
791 1548 834 1590 in
874 1550 1069 1603 tempore
1108 1547 1286 1601 agnouit
1318 1548 1523 1602 Cyrillus,
1565 1547 1751 1598 monuit,
1793 1547 1983 1601 totisque

223 1615 413 1658 humeris
446 1614 714 1669 expugnauit
727 1614 756 1656 2.
807 1613 929 1656 Vnde
962 1613 1075 1668 apud
1108 1613 1350 1655 Catholicos
1382 1613 1425 1655 in
1457 1615 1580 1655 tanto
1613 1613 1774 1655 honore
1804 1612 1900 1663 fuit,
1934 1615 1984 1655 vt

223 1696 353 1735 quum
384 1681 531 1723 labore
565 1682 608 1722 et
640 1679 869 1721 alacritate
902 1692 1050 1720 omnes
1082 1678 1389 1732 praecelleret,
1423 1692 1528 1733 prae
1563 1678 1744 1721 caeteris
1777 1677 1907 1720 etiam
1939 1677 1982 1718 in

223 1746 439 1801 Ephesino
473 1745 659 1788 Concilio
702 1744 981 1787 autoritatem
1024 1743 1250 1786 obtineret.
1315 1743 1440 1786 Solus
1473 1743 1584 1785 enim
1615 1743 1707 1785 fere
1739 1743 1819 1785 hoc
1851 1756 1984 1796 nego-

225 1812 336 1854 cium
377 1810 583 1861 confecit,
626 1810 753 1863 idque
795 1823 879 1851 non
921 1809 1012 1850 sine
1053 1809 1230 1851 summis
1271 1808 1483 1863 periculis.
1547 1808 1661 1850 Nam
1703 1812 1746 1851 et
1788 1821 1984 1850 carceres

224 1891 319 1919 cum
351 1877 579 1918 Memnone
611 1874 893 1929 Ephesiorum
926 1874 1126 1928 praesule
1159 1876 1364 1928 expertus
1397 1877 1484 1924 est,
1528 1876 1571 1916 et
1602 1872 1749 1915 multis
1782 1872 1984 1926 conuicijs

224 1943 277 1984 ab
310 1942 571 1995 aduersarijs
604 1940 691 1982 suis
724 1954 947 1994 aspersus,
982 1942 1025 1982 et
1058 1954 1082 1981 a
1116 1938 1496 1981 calumniatoribus
1529 1939 1643 1993 apud
1674 1938 1982 1992 Imperatorem

223 2010 452 2049 accusatus
484 2007 565 2048 fuit
578 2007 606 2048 3.
666 2006 824 2047 Verum
857 2004 996 2047 adfuit
1028 2004 1066 2046 ei
1099 2004 1318 2055 dominus,
1353 2007 1397 2046 et
1428 2003 1608 2046 militem
1640 2017 1763 2045 suum
1795 2002 1983 2045 subsidio

223 2087 308 2114 non
341 2071 558 2114 destituit:
594 2071 694 2124 quin
727 2070 870 2124 potius
897 2069 1136 2111 Ecclesiam
1169 2083 1291 2111 suam
1322 2083 1399 2123 per
1430 2068 1548 2110 illum
1582 2083 1665 2110 non
1697 2068 1833 2110 solum
1866 2071 1982 2123 tunc,

224 2138 299 2179 sed
332 2137 462 2179 etiam
496 2136 621 2178 hodie
653 2135 857 2177 muniuit:
900 2137 1031 2187 atque
1063 2135 1170 2176 adeo
1203 2134 1304 2177 licet
1336 2134 1622 2176 Nestorianos
1654 2134 1812 2175 multos
1845 2133 1983 2174 adhuc

223 2203 382 2245 habeat
415 2202 589 2251 Oriens,
632 2200 769 2243 victos
810 2202 956 2242 tamen
998 2199 1223 2253 scripturis
1264 2198 1371 2241 satis
1412 2212 1624 2253 superque
1665 2197 1809 2251 Cyrilli
1853 2211 1983 2251 opera

222 2270 463 2318 testantur,
508 2280 760 2320 quacunque
792 2265 967 2307 tandem
1005 2264 1245 2319 pertinacia
1276 2263 1467 2306 haeresis
1499 2264 1574 2305 illa
1605 2263 1771 2305 radices
1803 2262 1981 2304 miserit.

223 2334 283 2376 At
316 2347 443 2386 quam
477 2331 637 2386 optime
669 2330 849 2372 meritus
882 2330 939 2371 sit
971 2330 1023 2371 de
1054 2343 1101 2371 re
1133 2329 1377 2371 Christiana
1409 2328 1614 2382 Cyrinus,
1654 2331 1697 2370 et
1729 2327 1840 2380 quod
1873 2341 1982 2368 vnus

222 2399 318 2453 plus
350 2397 526 2450 reliquis
560 2395 776 2446 omnibus,
818 2395 939 2437 velut
972 2394 1085 2436 alter
1116 2394 1297 2445 Paulus,
1340 2395 1486 2435 aetate
1528 2407 1606 2434 sua
1638 2392 1895 2441 laborarit4,
1939 2395 1982 2434 et

223 2462 604 2505 Ecclesiarum
656 2459 886 2502 omnium
941 2458 1417 2501 sollicitudinem5
1470 2458 1586 2500 solus
1638 2457 1730 2499 fere
1781 2456 1980 2511 portarit,

222 2542 347 2570 nemo
388 2527 547 2569 rectius
587 2525 823 2578 intelliget,
867 2538 993 2578 quam
1037 2524 1106 2577 qui
1146 2526 1245 2565 acta
1277 2523 1451 2577 Concilij
1487 2522 1691 2577 Ephesini
1732 2521 1978 2576 perlegerit.

221 2593 313 2635 Nos
344 2592 489 2646 igitur,
524 2605 634 2644 quae
667 2590 721 2632 ad
754 2604 848 2632 eam
881 2604 972 2631 rem
1005 2591 1217 2644 spectant,
1252 2603 1411 2642 magna
1433 2602 1535 2630 cura
1558 2587 1903 2642 conquisiuimus‚
1938 2590 1982 2629 et

224 2762 335 2807 patris·
363 2761 487 2806 Cyrilli
513 2760 716 2805 patriarche
743 2759 975 2794 Alexandrini
1003 2759 1037 2792 in
1065 2758 1292 2802 euangelium
1321 2758 1479 2792 loannis“
1514 2758 1583 2802 (ed.
1609 2758 1629 2791 ‘2
1658 2757 1820 2801 [Parisiis
1846 2756 1978 2800 1520]),

224 2816 246 2849 f.
275 2816 320 2855 2⁴,
348 2817 381 2848 et
413 2814 590 2856 „Preclari
616 2814 733 2859 operis
760 2813 884 2858 Cyrilli
911 2812 1164 2846 Alexandrini:
1191 2812 1283 2856 quod
1310 2812 1515 2845 Thesaurus
1540 2811 1784 2855 nuncupatur⁴⁴
1816 2810 1980 2853 (Parisiis

226 2869 330 2910 1514)
360 2868 382 2900 f.
412 2868 490 2900 212⁴.

346 2922 353 2939 ¹
381 2920 593 2954 Nemesinus
613 2919 739 2964 Cyrilli
758 2919 893 2953 amicus
912 2921 947 2953 ct
965 2919 1000 2952 in
1019 2918 1225 2963 episcopatu
1245 2917 1382 2960 collega
1404 2915 1663 2961 („confrater“)
1691 2915 1803 2949 fuisse
1826 2915 1977 2949 videtur.

343 2973 355 2992 ‘2
382 2973 644 3007 coloniensium
670 2973 759 3007 haec
784 2972 980 3016 legentium
1007 2971 1135 3005 animis
1161 2973 1258 3005 certe
1284 2970 1511 3004 Hermannus
1537 2979 1677 3013 quoque
1703 2967 1887 3002 KVc-danus
1922 2968 1978 3001 ob-

224 3025 361 3059 versari
389 3026 548 3059 debebat.

344 3079 355 3097 ³
382 3077 478 3111 Haec
506 3079 621 3112 onmia
648 3080 814 3113 accurate
850 3080 1040 3112 narrantur
1066 3089 1084 3111 a
1115 3078 1196 3111 Car.
1226 3078 1291 3110 Ios.
1321 3087 1381 3110 ron
1411 3076 1549 3119 Hefele,
1589 3072 1978 3116 Conciliengeschichte

223 3132 254 3166 ΙΙ
285 3131 331 3174 (2.
359 3131 463 3171 Aust„
493 3131 663 3174 Freiburg
690 3132 710 3165 i.
739 3132 795 3165 ΒΓ.
827 3132 944 3174 1875),
974 3130 1168 3164 149-285.

343 3185 354 3203 ⁴
383 3183 435 3217 ef.
466 3184 480 3217 1
511 3184 587 3216 Cor.
618 3185 670 3223 15,
700 3185 752 3217 1⁴2».
899 3184 911 3203 ⁵
937 3184 957 3216 2
985 3182 1062 3216 Cor.
1092 3183 1145 3221 11,
1172 3182 1226 3216 28.
