2113 3430
816 144 872 178 23.
899 142 986 177 Maii
1014 143 1115 177 1555.
1761 143 1846 183 543

86 262 158 304 vbi
189 276 274 303 non
306 261 357 303 de
389 274 484 302 ineo
508 263 551 303 et
572 262 661 311 tuo,
695 261 770 302 sed
802 261 853 302 de
886 260 1113 302 CHRISTI
1141 260 1273 302 IESV
1306 259 1405 313 Opt:
1429 259 1545 300 Max:
1579 259 1719 312 gloria
1750 273 1848 313 pro-

86 326 299 382 paganda,
334 326 385 367 de
407 325 682 380 conscientijs
704 325 871 367 miseris
894 324 1152 376 recreandis,
1178 324 1229 366 de
1251 323 1346 365 fidis
1369 322 1578 378 operarijs
1599 323 1641 364 in
1665 337 1847 365 messem

88 392 303 434 desertam
334 390 656 432 introducendis
687 389 1027 444 recipiendisque
1060 389 1216 442 agitur.

205 454 384 497 Interim
414 469 492 508 pro
524 457 600 497 tua
632 454 853 508 aequitate
887 456 1058 495 statuas
1090 453 1212 504 licet,
1256 452 1397 495 sintne
1438 451 1690 506 prohibendi
1702 456 1735 502 ²¹,
1778 453 1849 504 qui

90 534 184 563 cum
224 519 413 574 possint,
456 519 507 560 de
548 520 709 561 nostris
749 519 880 561 etiam
912 518 1049 559 velint
1088 518 1197 559 bene
1238 517 1414 568 mereri,
1460 519 1509 559 vt
1540 516 1624 558 illis
1656 516 1848 559 tribuant

88 584 365 639 temporalia,
410 598 435 626 a
467 584 619 637 quibus
650 597 808 637 magno
842 597 936 625 cum
968 583 1145 624 foenore
1176 585 1268 625 tum
1301 582 1402 632 sibi,
1445 584 1537 623 tum
1569 580 1650 623 toti
1684 580 1849 623 ciuitati

89 652 263 692 uestrae
296 649 538 703 spiritualia
570 648 757 691 conferri
788 662 914 702 posse
947 646 1140 689 sentiunt
1156 648 1183 689 1.
1239 647 1306 690 Sis
1336 646 1428 700 ipse
1460 646 1609 696 Iudex,
1645 646 1851 687 deceatne

90 715 358 757 voluntatem
400 714 526 756 amici
566 716 829 764 extremam,
871 725 1021 766 preces
1054 711 1277 754 morientis
1309 711 1403 765 pias
1435 714 1479 752 et
1510 710 1683 752 sedulas
1715 710 1851 763 negli-

89 793 204 832 gere.
269 778 463 832 Cogites,
510 793 638 832 quam
679 777 828 828 facile,
875 791 1004 830 quam
1044 776 1250 830 turpiter,
1294 790 1423 829 quam
1463 774 1721 817 infoeliciter
1761 775 1851 815 fere

90 844 306 886 dilabatur
338 844 451 896 quod
480 844 594 885 male
625 845 828 897 paratur:
869 841 1114 883 memineris
1146 841 1259 882 illius
1291 840 1488 895 pietatis,
1535 854 1663 893 quam
1696 853 1721 880 a
1752 838 1852 880 reli-

89 908 220 962 giosis
253 908 504 962 parentibus
536 922 587 950 ac
618 907 863 957 maioribus,
898 905 1188 948 haereditario
1221 905 1344 959 quasi
1366 905 1458 947 iure
1485 904 1717 958 acceperis,
1752 903 1850 956 quid

89 973 150 1014 illi
181 976 225 1015 te
260 974 550 1026 Senatumque
582 974 775 1014 uestrum
807 971 1004 1024 exemplo
1037 985 1113 1013 suo
1156 971 1438 1021 admoneant,
1479 970 1548 1011 vel
1579 983 1647 1011 me
1678 970 1852 1011 tacente

90 1038 363 1092 perspicuum
395 1041 474 1080 est.
538 1035 722 1079 Veniatb
759 1036 804 1078 in
835 1038 1025 1078 mentem
1058 1050 1186 1088 quam
1218 1035 1297 1077 tibi
1337 1034 1611 1088 familiaeque
1652 1036 1756 1075 tuae
1797 1033 1854 1074 sit

91 1104 284 1145 futurum
315 1103 595 1144 honorificum
627 1116 773 1144 amare
805 1104 849 1143 et
882 1114 1139 1142 conseruare
1171 1100 1328 1142 Christi
1357 1099 1579 1150 familiam,
1614 1112 1724 1151 quae
1755 1101 1853 1140 tuos

93 1168 223 1210 ctiam
256 1168 426 1219 liberos,
460 1167 637 1218 vicinos,
671 1167 832 1208 amicos
855 1169 899 1208 et
921 1166 1036 1207 ciues
1059 1179 1206 1207 omnes
1236 1165 1389 1206 docere
1411 1164 1619 1218 pietatem
1642 1167 1686 1205 et
1708 1162 1855 1205 multis

93 1232 230 1275 modis
271 1232 490 1274 illustrare
533 1231 682 1286 possit.
752 1231 946 1284 Illudque
987 1233 1206 1284 postremo
1247 1232 1295 1272 vt
1337 1244 1481 1279 cures,
1528 1230 1743 1277 obtestor,
1788 1227 1856 1268 vir

95 1297 364 1348 amicissime,
398 1311 451 1339 ne
479 1297 578 1338 dum
609 1297 881 1339 fortunarum
913 1296 1125 1337 rationem
1157 1295 1317 1336 habere
1339 1294 1417 1344 uis,
1452 1296 1495 1336 et
1517 1293 1662 1335 liberis
1684 1292 1853 1334 metuis.

95 1377 221 1404 veras
254 1376 364 1415 quae
385 1362 429 1403 in
451 1361 692 1404 CHRISTO
717 1363 818 1403 sunt
850 1375 952 1415 opes
975 1360 1164 1410 amittas,
1198 1359 1384 1413 teipsum
1414 1373 1509 1400 cum
1531 1357 1676 1399 liberis
1699 1357 1854 1411 perdas

95 1430 138 1469 et
171 1442 225 1469 ex
257 1427 390 1468 diuite
422 1427 551 1468 miser
581 1428 673 1477 fias,
706 1426 819 1469 iusto
852 1426 951 1468 DEI
982 1424 1138 1467 iudicio
1154 1425 1183 1467 2.

213 1493 355 1533 Meum
396 1492 479 1534 fuit
520 1492 771 1541 admonere,
814 1505 990 1544 rogare,
1033 1490 1269 1532 instruere:
1312 1489 1348 1530 si
1381 1488 1491 1542 quod
1530 1487 1742 1530 charitate
1775 1486 1855 1527 huc

94 1557 342 1611 impellente
374 1557 457 1598 feci
488 1560 660 1610 gratum
684 1556 777 1607 erit,
812 1555 1002 1609 duplices
1029 1554 1271 1597 CHRISTO
1306 1556 1350 1596 et
1371 1553 1449 1596 tibi
1481 1553 1643 1595 debebo
1666 1551 1854 1605 gratias:

96 1621 169 1663 Sin
200 1622 353 1672 minus,
387 1621 586 1664 veritatis
618 1623 661 1663 et
693 1621 861 1675 patriae
893 1620 1106 1677 iuuandae
1139 1634 1268 1661 causa
1290 1633 1357 1660 me
1385 1619 1523 1660 sinam
1545 1618 1588 1659 in
1610 1616 1853 1658 CHRISTO

94 1686 342 1741 periclitari.
391 1687 432 1728 Is
464 1688 653 1728 mentem
684 1685 943 1728 humanitati
973 1688 1075 1727 tuae
1107 1699 1259 1727 sanam
1291 1686 1334 1725 et
1366 1684 1407 1725 in
1440 1683 1622 1737 priuatis
1653 1680 1854 1736 publicis-

97 1765 178 1804 que
212 1751 399 1805 consilijs
432 1751 636 1794 diuinitus
667 1751 929 1793 illustratam
969 1750 1121 1792 adesse
1154 1750 1373 1792 concedat.
1438 1748 1631 1790 Viennae
1664 1748 1718 1788 23
1751 1745 1852 1798 Maij

98 1817 254 1859 1.5.55.

1226 1880 1384 1921 Seruus
1416 1879 1459 1920 in
1491 1877 1734 1920 CHRISTO

1296 1946 1450 1987 Petrus
1483 1942 1677 1985 Canisius

1244 2009 1554 2062 NouiomagUS,
1588 2009 1714 2049 Doct.

1232 2074 1478 2127 Theologus
1511 2073 1563 2114 de
1596 2072 1727 2114 IESV

1367 2139 1589 2180 societate.

211 2238 401 2283 Inscriptio
428 2238 534 2272 huius
561 2237 735 2282 epistulae
761 2250 829 2272 non
856 2240 1031 2283 superest.
1083 2237 1138 2271 Ex
1164 2238 1241 2282 ipsa
1268 2236 1422 2282 epistula
1449 2236 1513 2270 hoc
1550 2238 1690 2269 tantum
1729 2246 1855 2277 cogno-

93 2293 206 2326 scitur
223 2291 461 2326 VVichmanno
489 2291 626 2325 consuli
645 2292 885 2334 neomagensi,
912 2292 972 2335 qui
992 2290 1133 2325 Canisio
1160 2290 1319 2324 amicitia
1345 2291 1452 2333 atque
1479 2289 1588 2323 etiam
1617 2288 1672 2332 (ut
1697 2288 1854 2326 videtur>

94 2345 268 2386 sanguine
303 2344 447 2378 iunctus
483 2347 577 2385 erat,
614 2356 692 2378 eam
728 2344 937 2390 inscriptam
972 2344 1105 2384 fuissey
1140 2356 1205 2377 nec
1241 2343 1321 2389 plus
1358 2355 1378 2376 a
1406 2341 1667 2385 Reiffenbergio
1702 2341 1856 2386 positum

96 2401 161 2433 est.
212 2398 451 2432 Wichmanno
494 2398 576 2431 huic
615 2409 810 2441 cognomen
853 2398 1030 2440 „Busaeo“
1072 2397 1150 2431 sive
1194 2397 1330 2441 ῃΒυγεα
1374 2396 1485 2430 fuisse
1524 2396 1642 2437 Kolc³³y
1685 2406 1750 2427 ¹ran
1791 2395 1853 2427 den

215 2526 228 2539 ἃ
250 2521 493 2565 proscribendi
520 2522 624 2564 Reiff.
769 2521 783 2541 ¹³
806 2521 938 2555 Veniat
963 2521 1027 2555 tibi
1054 2522 1158 2563 Ree‘ff.

219 2643 228 2662 ¹
259 2642 314 2684 „Si
341 2654 404 2676 nos
431 2643 533 2677 vobis
559 2643 760 2688 spiritualia
786 2643 1061 2685 seminavimus,
1097 2655 1266 2687 magnum
1293 2646 1366 2683 est,
1402 2642 1430 2675 si
1459 2654 1522 2676 nos
1551 2640 1707 2676 carnalia
1735 2643 1853 2674 vestra

98 2697 324 2729 metamus&
360 2697 393 2739 (1
424 2696 502 2730 Cor.
530 2697 561 2738 9,
591 2695 660 2740 11.)
715 2696 766 2730 Cf.
795 2696 894 2730 Rom.
925 2698 978 2738 15,
1005 2697 1060 2730 27.

217 2749 230 2768 ²
256 2749 331 2782 Has
358 2749 472 2782 minas
499 2749 593 2783 haud
620 2749 749 2783 dubius
767 2762 884 2783 rerum
903 2752 1056 2783 eventus
1075 2749 1324 2794 comprobasse
1343 2749 1475 2782 fertur:
1509 2748 1619 2789 „Nam
1638 2749 1674 2781 ct
1691 2746 1857 2785 consulisv

101 2801 160 2845 qui
187 2801 333 2836 Senatui
360 2802 479 2836 fuerat
505 2803 625 2836 autor‘
658 2802 811 2836 Kesselii
838 2802 1056 2847 expellendi,
1090 2803 1249 2845 ,gemina
1276 2802 1394 2846 proles
1421 2802 1455 2835 in
1482 2801 1578 2841 rixa,
1618 2801 1725 2844 atque
1752 2799 1858 2834 alter-

100 2855 238 2889 catione
264 2857 389 2888 mutua
417 2867 454 2889 se
482 2855 589 2889 caede
614 2856 767 2896 necauit,
794 2855 985 2889 liberorum
1012 2867 1133 2889 necem
1161 2855 1231 2889 cita
1258 2855 1417 2899 parentis
1443 2854 1636 2888 subsecuta
1662 2865 1757 2887 mors
1784 2856 1858 2887 est:

103 2909 138 2941 et
164 2908 223 2951 qui
250 2908 467 2942 sententiam
493 2908 612 2942 audax
638 2909 888 2953 pronuntiarat
914 2908 1030 2948 edicti,
1058 2908 1156 2942 lenta
1182 2908 1280 2941 febre
1300 2910 1484 2952 correptus
1503 2907 1538 2940 in
1558 2907 1745 2941 diuturnae
1764 2906 1857 2940 tabis

103 2971 291 2994 aerumnas
318 2962 425 3004 atque
450 2960 660 3004 languorem
686 2961 817 2995 sensim
845 2961 976 2995 decidit
1001 2972 1139 2995 summa
1166 2972 1245 2994 cum
1272 2960 1518 3005 desperatione
1554 2959 1682 2993 salutis
1712 2960 1857 3002 (Orlan-

105 3014 210 3046 <linus
236 3013 259 3047 1.
287 3025 315 3048 c.
343 3014 365 3047 l.
395 3014 447 3053 15,
475 3026 507 3047 11.
536 3014 609 3057 29).

108 3066 235 3162 1788)3
261 3066 530 3153 Vzffierlandsch
558 3067 842 3100 lVoordenboek.
885 3066 1054 3109 Negende
1081 3066 1167 3100 Deel
1205 3066 1371 3109 (Tweede
1398 3065 1517 3107 Druk,
1553 3066 1602 3100 Te
1629 3066 1857 3100 Amsterdauu

242 3131 274 3163 p.
352 3147 358 3153 .
