2113 3430
228 203 282 244 60
436 199 532 233 VIII.
570 198 702 233 Canisii
729 197 1024 243 autobiographia
1050 199 1128 233 sive
1155 199 1405 234 Confessiones
1431 202 1467 234 et
1492 200 1774 236 Testamentum.

1070 327 1146 370 IV.

344 426 398 459 Ex
422 426 574 469 Pythone
602 425 651 470 (p.
671 425 839 467 63—66)‚
868 424 928 469 qui
954 425 1159 470 praefatur:
1192 426 1263 467 ,De
1289 425 1356 460 hoc
1375 425 1571 461 Doctoratu
1597 438 1709 470 agens
1735 438 1815 461 cum
1833 426 1907 460 Deo
1926 426 1991 460 Ca-

224 480 337 514 nisius
363 479 413 513 ita
440 478 628 522 loquitur.·
668 477 852 513 Scribendi
878 477 970 512 ratio
996 478 1029 512 in
1058 478 1125 513 hac
1152 481 1253 523 parte
1281 479 1405 513 eadem
1432 481 1487 514 est
1505 482 1612 524 atque
1630 480 1667 514 in
1686 479 1989 514 Confessionibus.

343 532 503 566 Maxima
528 543 613 577 pars
638 532 842 575 germanice
869 542 975 565 versa
1002 534 1056 566 est
1083 544 1103 566 a
1128 533 1229 566 Riese
1255 544 1288 577 p.
1315 532 1466 567 85—86.

347 620 514 653 Canisius
539 631 615 652 cnm
642 621 746 653 sociis
771 620 955 652 Bononiae
981 620 1028 652 ((ιῖ
1051 620 1203 663 aradum
1232 621 1385 654 doctoris
1410 621 1601 663 theoloyiae
1620 626 1830 664 ffl·omotns;
1869 622 1989 665 (letales

226 674 263 706 in
295 684 332 706 eo
357 678 440 706 tunc
472 674 609 715 fuerint
644 674 791 715 affectus
825 674 964 706 timoris
996 678 1025 706 et
1063 674 1205 707 demis-si
1237 675 1372 716 am‘me',
1412 674 1646 707 oboedientiae
1681 679 1710 707 et
1737 675 1990 717 confidentiae,·

225 728 352 770 quanli
378 728 541 760 momenti
567 728 750 769 meritique
777 726 813 759 id
839 726 986 759 docendi
1011 738 1140 760 memus
1157 728 1226 769 sit,·
1252 728 1377 760 Sancti
1395 727 1594 771 Petronius,
1621 727 1840 771 Dominio-ns,
1868 728 1990 761 Fran-

227 781 363 821 eiscus;
393 779 602 813 Gai-dinam·
627 780 669 812 de
695 779 822 812 Monte.

343 868 455 909 Dum
488 871 590 910 ante
622 867 934 909 Doctoratum1
969 867 1020 908 de
1053 868 1351 922 respondendo
1392 867 1585 910 solicitus
1618 882 1769 919 essem,
1802 868 1990 922 mihique

223 933 423 976 timerem
455 933 507 973 ob
535 931 814 974 severitatem
848 932 983 975 futuri
1010 932 1234 984 examinis,
1269 932 1510 983 ostendisti,
1545 933 1740 984 Domine,
1772 934 1988 983 tenebras,

225 998 378 1051 quibus
411 1011 485 1039 cor
516 1011 658 1039 meum
690 1000 792 1039 tunc
827 998 1131 1049 offuscabatur,
1166 1001 1210 1040 et
1245 998 1383 1040 lucem
1417 998 1782 1051 serenitatemque
1813 999 1989 1041 turbato

224 1063 366 1105 animo
409 1062 589 1104 reddere
622 1062 826 1115 dignatus
866 1076 924 1105 es.
988 1062 1102 1104 Nam
1143 1066 1187 1106 et
1228 1063 1487 1105 desiderium
1528 1063 1746 1117 adjecisti,
1789 1066 1837 1106 ut
1867 1064 1990 1116 igno-

223 1128 367 1170 rantia
398 1141 516 1177 mea,
560 1140 689 1180 quam
722 1127 867 1180 detegi
899 1127 1097 1169 nolebam
1139 1129 1370 1182 superbus,
1414 1128 1457 1170 in
1499 1142 1548 1170 eo
1591 1128 1789 1170 examine
1831 1142 1990 1181 cogno-

224 1196 430 1243 sceretur,
465 1206 604 1245 neque
637 1192 795 1234 falsum
829 1193 880 1234 de
913 1207 981 1234 me
1013 1193 1227 1235 sentirent
1258 1190 1466 1243 homines,
1499 1193 1575 1235 sed
1607 1193 1650 1235 id
1682 1193 1843 1248 ipsum,
1878 1194 1990 1247 quod

223 1258 265 1299 in
298 1272 366 1299 me
399 1261 494 1300 erat
527 1257 642 1299 clare
676 1257 995 1312 conspicerent:
1036 1260 1166 1312 atque
1198 1258 1261 1300 ita
1294 1273 1349 1300 ex
1380 1259 1610 1313 propalata
1642 1258 1833 1309 vilitate,
1866 1258 1990 1311 igno-

222 1322 378 1373 rantia,
414 1325 458 1365 et
489 1322 750 1375 indignitate
773 1337 869 1364 mea
894 1324 1104 1377 proficere
1136 1337 1204 1365 me
1235 1337 1362 1378 posse
1395 1326 1439 1366 et
1472 1323 1627 1366 debere
1660 1323 1912 1374 sentiebam,
1946 1323 1989 1365 id

223 1388 336 1441 quod
367 1391 460 1430 tum
493 1388 548 1429 ad
580 1387 838 1430 humilitatis
872 1388 1261 1439 conservationem,
1295 1391 1388 1431 tum
1420 1389 1475 1431 ad
1496 1388 1698 1431 veritatis
1720 1389 1859 1430 zelum
1885 1388 1989 1430 mihi

223 1453 462 1495 conducere
487 1452 726 1496 videbatur.
781 1453 922 1502 Quare
944 1467 1104 1507 magna
1127 1453 1385 1496 confidentia
1417 1467 1486 1495 me
1516 1457 1621 1496 tunc
1654 1453 1988 1496 examinandum

221 1518 421 1572 praebui,
463 1520 625 1571 tuoque
667 1518 829 1572 Spiritu
871 1519 1118 1560 consolatus
1160 1519 1212 1560 de
1253 1533 1454 1560 successu
1494 1519 1608 1573 ipso,
1653 1518 1723 1572 qui
1764 1521 1862 1573 post
1902 1532 1987 1560 non

223 1582 381 1633 defuit,
417 1583 729 1625 dubitationem
762 1587 805 1626 et
837 1583 1154 1625 solicitudinem
1187 1598 1356 1626 omnem
1388 1583 1566 1627 abieci2.
1630 1584 1824 1625 Deinde3
1855 1584 1985 1627 Festo

223 1648 263 1690 S.
298 1647 517 1690 Francisci
550 1648 823 1702 Seraphici4,
867 1663 917 1691 ac
956 1648 995 1691 S.
1028 1649 1220 1703 Petronij
1255 1649 1536 1691 Bononiensis
1570 1649 1801 1703 Episcopi5
1841 1649 1987 1702 gratia

222 1716 310 1763 tua,
345 1713 540 1756 Domine.
575 1713 798 1756 excitabat
820 1728 887 1755 me
911 1716 955 1756 et
980 1715 1272 1768 praeparabat
1295 1715 1349 1756 ad
1371 1713 1685 1768 promotionem
1707 1714 1985 1764 Doctomtus,

344 1861 353 1879 ¹
380 1858 550 1892 Patribus
575 1857 758 1902 Alphonso
786 1856 1001 1899 Snlmeroni,
1029 1856 1135 1891 Petro
1164 1856 1325 1898 Canisio,
1354 1856 1500 1891 Claudio
1526 1857 1620 1898 Iaio,
1649 1868 1736 1901 quos
1763 1855 1924 1900 Ignatius
1950 1854 1988 1888 in

222 1912 441 1946 academiam
467 1910 786 1954 ingolstadiensem
812 1911 856 1944 ad
882 1910 1100 1954 theologiam
1125 1910 1336 1944 tradendam
1371 1910 1556 1952 mittebat,
1594 1909 1837 1944 necessarium
1873 1909 1917 1943 ad
1951 1908 1987 1942 id

221 1976 350 1999 munus
377 1968 472 2005 erat,
510 1967 547 1997 ut
574 1964 737 1997 doctores
762 1963 964 2007 theologiae
991 1966 1131 2004 essent,
1167 1963 1316 2008 ideoque
1343 1963 1506 2007 Ignatius
1532 1963 1575 1997 iis
1601 1963 1806 2003 mandavit,
1841 1964 1881 1996 ut
1907 1973 1984 1996 eam

222 2019 435 2061 dignitatem
461 2017 529 2051 sibi
556 2019 804 2061 compararent
830 2017 1030 2058 Bononiae,
1069 2028 1161 2061 quae
1196 2017 1414 2051 universitas
1449 2029 1512 2062 per
1547 2019 1659 2051 totam
1694 2018 1780 2050 tunc
1806 2016 1986 2060 Europam

220 2071 387 2105 laudibus
413 2071 679 2110 celebrabatur;
715 2070 751 2103 in
786 2082 827 2104 ea
853 2070 961 2104 etiam
988 2070 1160 2104 sodalitas
1192 2070 1364 2112 ⁷,nationis
1390 2070 1634 2113 germanica&
1667 2071 1763 2110 erat,
1800 2069 1857 2103 cui
1883 2068 1985 2103 annis

223 2124 454 2159 1289—1562
480 2124 573 2158 4500
599 2123 674 2157 fere
700 2123 821 2167 legum
847 2123 997 2157 studiosi
1025 2123 1172 2168 ascripti
1198 2126 1282 2158 sunt
1311 2124 1420 2167 (Acta
1454 2123 1610 2158 nationis
1639 2122 1873 2158 Germanicae
1908 2121 1984 2155 uni-

222 2178 408 2212 versitatis
446 2177 679 2211 Bononiensis
726 2177 803 2210 edd.
840 2178 930 2210 Eme.
968 2178 1227 2211 Friedlaender
1262 2180 1297 2211 et
1336 2178 1417 2211 Car.
1453 2178 1635 2220 Malaqoza
1672 2175 1841 2220 [Berolini
1880 2173 1983 2218 1887]

222 2243 254 2276 p.
281 2242 358 2265 ΧΠ.
385 2230 513 2273 xxm).
564 2231 656 2264 Acta
692 2229 835 2273 collegii
869 2229 1061 2273 theologici
1098 2230 1344 2270 bononiensis,
1381 2242 1472 2274 quae
1506 2241 1600 2264 nunc
1635 2229 1671 2263 in
1697 2228 1844 2263 archivo
1871 2227 1983 2262 archi-

222 2283 415 2329 episcopali
443 2284 520 2318 eius
546 2283 643 2317 urbis
669 2285 922 2325 asservantur,
958 2283 1001 2317 ab
1029 2295 1121 2317 anno
1147 2283 1288 2317 demum
1319 2284 1408 2318 1600
1434 2283 1627 2328 incipiunt,
1663 2294 1778 2326 neque
1805 2282 1913 2315 etiam
1948 2281 1985 2314 in

222 2338 320 2381 regio
347 2337 493 2371 archivo
520 2336 727 2371 bononiensi
755 2336 945 2380 quicquam
972 2336 1063 2370 hanc
1084 2337 1217 2370 Canisii
1243 2337 1499 2381 promotionem
1518 2338 1687 2381 spectans
1705 2335 1889 2369 inventum
1910 2336 1984 2374 est:

222 2391 315 2435 quod
334 2390 491 2425 Bononia
510 2390 564 2424 30.
585 2389 675 2423 lunii
696 2389 783 2424 1891
813 2390 939 2424 editori
957 2390 1101 2434 scripsit
1124 2391 1275 2424 Carolus
1292 2391 1473 2433 Malayola
1494 2389 1652 2423 eiusdem
1671 2388 1807 2422 archivi
1826 2398 1984 2432 praeses.

223 2444 320 2484 Quae
347 2445 466 2477 autem
494 2443 577 2477 alibi
604 2445 747 2487 reperta
772 2445 866 2484 sunt,
893 2443 1111 2477 commodius
1136 2442 1230 2476 infra
1256 2445 1449 2488 ponentur;
1477 2442 1558 2476 vide
1584 2453 1738 2475 monum.
1767 2441 1820 2475 30.

342 2498 355 2518 ²
380 2497 545 2531 Canisius
572 2497 718 2540 eiusque
745 2496 831 2530 socii
858 2496 913 2530 die
939 2497 972 2530 2.
999 2496 1164 2530 Octobris
1191 2508 1341 2530 examen
1367 2496 1572 2535 subierunt:
1600 2495 1681 2529 vide
1708 2495 1801 2528 infra
1828 2494 1850 2528 l.
1878 2505 1906 2528 0.

342 2550 355 2569 ⁸
380 2550 419 2583 In
446 2549 741 2584 universitatibus
768 2549 898 2583 italicis
929 2549 1170 2593 (bononiensi,
1197 2549 1388 2594 patavina,
1420 2547 1603 2593 perusina)
1637 2550 1719 2582 ante
1746 2547 1985 2593 promotiones

222 2603 445 2637 academicas
474 2603 690 2646 (licentiam,
727 2602 965 2645 doctoratum)
1002 2615 1071 2636 11011
1107 2603 1174 2636 duo
1210 2602 1375 2636 examina
1402 2602 1553 2641 fiebant,
1592 2602 1685 2636 sicut
1720 2602 1755 2635 in
1783 2600 1984 2641 Germania,

221 2656 284 2690 sed
322 2668 448 2698 unum,
485 2656 590 2700 idque
627 2656 806 2701 privatum
843 2656 1004 2700 quidem.
1041 2656 1103 2690 sed
1130 2655 1333 2689 cancellarii
1360 2655 1478 2695 iussu:
1515 2655 1733 2699 sequebatur
1762 2653 1985 2688 sollemnitas

222 2709 463 2753 promotionis,
490 2709 525 2743 in
552 2721 621 2753 qua
648 2721 774 2743 verum
801 2720 951 2743 examen
977 2708 1128 2743 ulterius
1153 2720 1223 2742 non
1249 2708 1448 2742 habebatur
1476 2708 1537 2752 (G.
1565 2709 1798 2751 Kanfmcmn,
1825 2706 1890 2740 Die
1918 2706 1984 2741 Ge-

222 2762 384 2795 scliichte
422 2762 483 2796 der
519 2762 715 2796 deutschen
751 2762 1021 2796 Universitaten
1057 2762 1069 2795 l
1109 2761 1306 2805 [Stuttgart
1342 2760 1466 2805 1888],
1508 2761 1705 2795 363—364.
1757 2760 1871 2803 Leges
1909 2759 1983 2793 uni-

225 2814 407 2848 versitatis
443 2815 633 2859 patavinae
669 2827 760 2848 anno
799 2815 885 2849 1331
924 2815 1061 2856 factae,
1102 2815 1154 2848 ed.
1192 2816 1303 2848 Hem:
1340 2816 1477 2857 Denifle
1504 2814 1544 2848 O.
1573 2814 1630 2848 Pr.
1669 2814 1704 2847 in
1735 2812 1889 2854 ,Archiv
1927 2811 1984 2845 fiir

224 2867 417 2901 Literatur-
454 2868 522 2901 und
550 2867 918 2911 mre-hengeschichte
954 2868 1015 2902 des
1042 2867 1308 2908 Mittelalters*‚
1346 2867 1640 2911 herausgegeben
1675 2878 1744 2900 von
1779 2865 1818 2899 P.
1846 2864 1889 2898 H.
1918 2864 1983 2898 De-

224 2920 305 2954 nifle
333 2921 372 2953 O.
403 2920 458 2953 Pr.
487 2921 556 2954 und
583 2921 639 2954 Fr.
666 2921 773 2955 Ehrle
800 2921 834 2955 S.
862 2921 893 2955 J.
921 2921 971 2955 VI
1000 2920 1187 2965 [Freiburg
1214 2921 1234 2955 i.
1262 2921 1320 2955 ΒΓ.
1352 2920 1466 2964 1892]1
1494 2919 1710 2962 431—440).

344 2975 354 2993 ⁴
384 2972 458 3006 Hoc
486 2974 616 3007 festum
643 2974 699 3007 die
725 2975 756 3007 4.
785 2974 950 3008 Octobris
978 2974 1107 3017 agitur.

344 3026 356 3045 ⁵
382 3025 415 3059 S.
444 3026 650 3066 Petronius,
679 3027 867 3071 episcopus
894 3028 1139 3067 bononiensis,
1166 3027 1259 3061 inter
1285 3030 1452 3071 patronos
1479 3024 1693 3070 principales
1720 3024 1795 3058 eius
1823 3023 1982 3057 civitatis

224 3078 362 3119 colitur,
390 3079 535 3122 eiusque
563 3080 694 3113 festum
714 3081 892 3114 Bononiae
919 3080 974 3114 die
993 3080 1025 3114 4.
1045 3080 1210 3114 Octobris
1238 3080 1367 3123 agitur,
1394 3079 1549 3113 maxime
1576 3079 1611 3112 in
1636 3077 1825 3121 magnifico
1849 3076 1981 3121 templo

225 3131 338 3165 eidem
366 3131 528 3166 dedicato
557 3132 642 3174 (San
670 3132 866 3176 Petronio).
918 3133 1025 3167 Sacra
1052 3133 1162 3176 igitur
1188 3133 1252 3167 hac
1281 3133 1336 3166 die
1362 3132 1438 3177 ipsa
1464 3131 1646 3165 sollemnis
1682 3130 1855 3175 promotio
1892 3129 1981 3163 cele-

225 3185 327 3218 brata
355 3187 419 3218 est.
