2113 3430
855 200 887 235 0.
914 199 1049 245 Aprilis
1077 200 1178 235 1552.
1814 202 1900 243 403

138 319 182 360 in
216 317 446 361 Germania
478 332 562 360 non
595 321 695 361 sunt
727 317 936 372 consopiti
955 319 982 368 ¹,
1016 317 1112 359 Nou
1148 317 1260 359 enim
1292 317 1412 370 leges
1442 320 1627 368 tantum,
1662 317 1737 359 sed
1770 316 1902 360 etiam

139 383 366 425 conciones
398 383 512 425 inter
544 397 663 425 arma
696 383 824 425 silent
840 383 868 425 2.
932 383 997 425 De
1037 382 1144 424 meis
1176 382 1370 424 Viennae
1412 382 1636 424 conatibus
1678 396 1784 435 quos
1816 382 1902 423 Re-

140 448 352 490 uerendus
383 463 423 502 p.
457 447 586 502 prior,
621 448 721 490 licet
753 448 922 498 absens,
955 449 1195 501 promouet,
1229 449 1463 499 vestraque
1495 461 1572 500 pro
1602 460 1669 488 me
1692 446 1902 488 sacrificia

140 514 396 555 confirmant
429 526 484 554 ex
514 512 700 554 fratrum
732 512 869 555 literis
902 511 1099 554 audietis„
1143 511 1283 554 Hodie
1315 511 1480 553 aditum
1511 511 1758 565 parauimus
1780 510 1903 553 nobis

140 578 194 620 ad
227 577 417 627 vinctos,
452 577 523 631 qui
555 577 619 619 bis
652 577 796 619 miseri
829 577 1049 630 vinctique
1082 576 1284 618 censendi
1316 578 1440 626 sunt,
1474 576 1587 629 quod
1619 575 1904 630 spiritualiter

141 657 227 684 non
258 642 398 684 minus
431 657 559 695 quam
592 642 874 697 corporaliter
908 641 1087 683 vinculis
1119 641 1336 695 impliciti,
1372 654 1545 682 carcere
1578 641 1902 683 concludantur.

142 707 232 749 Illis
265 721 345 760 ego
377 707 612 762 parochum
645 707 712 760 (vt
743 707 926 761 superbe
958 705 1127 759 loquar)
1169 709 1394 760 praestare
1427 706 1635 756 conabor,
1681 706 1904 747 absoluam

142 787 168 814 a
200 775 477 826 peccatorum
510 772 692 814 vinculis
725 772 891 814 animas
924 771 1093 814 Christo
1126 770 1380 821 assistente,
1426 784 1601 824 pascam
1641 770 1771 823 longa
1804 784 1905 812 con-

141 837 283 880 fectas
315 851 424 892 pene
457 837 599 880 inedia
630 840 680 879 vt
712 838 844 879 verbo
878 836 958 878 Dei
989 836 1186 879 reficiant
1218 850 1312 878 sese
1328 840 1352 878 ³.
1410 835 1537 878 Multi
1569 837 1670 877 sunt
1703 838 1745 877 et
1777 834 1905 876 mise·

143 902 249 944 riam
284 903 434 956 augeri
466 902 545 944 sibi
577 904 784 944 verentur
814 901 967 955 magis,
1003 915 1131 954 quam
1163 903 1340 955 sperent
1361 900 1674 943 liberationem.
1711 899 1905 942 Christus

144 967 217 1020 qui
249 981 326 1021 pro
358 967 443 1009 illis
477 981 644 1020 quoque
676 969 871 1009 mortuus
904 969 971 1009 est
1004 966 1249 1008 consoletur
1280 966 1474 1016 miseros,
1509 969 1552 1007 et
1584 964 1621 1007 si
1652 965 1803 1007 nonin
1824 964 1905 1006 hac

143 1032 257 1082 vita,
301 1032 456 1075 saltem
496 1032 540 1074 in
580 1032 727 1074 futuro
769 1031 942 1073 saeculo
975 1045 1079 1073 vere
1119 1030 1276 1073 liberos
1318 1031 1547 1083 saluosque
1588 1030 1754 1072 reddat.
1819 1030 1906 1071 Eos

144 1097 303 1139 vestris
330 1097 579 1139 commendo
601 1097 800 1151 precibus
822 1096 997 1146 fratres,
1031 1109 1166 1149 eoque
1188 1095 1327 1148 magis
1351 1096 1463 1148 quod
1485 1095 1738 1149 Apostolica
1759 1094 1907 1136 iubeat

144 1162 362 1204 sententia
394 1163 728 1204 Mementote
760 1160 1075 1203 vinctorum
1106 1163 1369 1213 tanquam
1409 1160 1571 1201 simul
1610 1159 1811 1210 vincti,
1855 1162 1908 1202 et

146 1227 524 1269 laborantium
555 1229 815 1279 tanquam
848 1228 901 1268 01
931 1225 1039 1280 ipsi
1080 1225 1132 1267 in
1174 1239 1404 1279 corpore
1448 1225 1775 1267 morantes-⁹³.
1839 1224 1908 1266 Ad

146 1306 275 1345 quam
308 1306 399 1333 rem
440 1306 518 1333 nos
557 1290 805 1346 praesentia
848 1288 1128 1345 permonereb
1160 1293 1342 1344 possunt
1383 1290 1603 1343 exempla,
1647 1294 1801 1343 quumc
1838 1289 1907 1331 hic

147 1357 199 1398 de
221 1356 374 1398 vicinis
397 1356 593 1398 audimus
616 1355 849 1409 Hungaris,
878 1358 1042 1409 quanta
1062 1355 1106 1396 in
1129 1369 1202 1397 eos
1225 1355 1480 1397 crudelitate
1503 1357 1730 1408 grassetur
1752 1354 1905 1405 Turca,

148 1435 363 1476 saepeque
395 1422 533 1463 multa
562 1420 901 1463 Christianorum
933 1420 1068 1462 millia
1098 1420 1327 1474 plusquam
1359 1419 1586 1474 tyrannice
1617 1419 1798 1472 iugulat,
1832 1433 1909 1461 no-

148 1490 326 1540 stroque
366 1487 436 1528 vel
478 1489 596 1528 certe
637 1489 883 1528 nostrorum
925 1485 1135 1538 sanguine
1175 1485 1293 1539 pasci
1334 1487 1500 1539 potest,
1547 1484 1791 1527 exsaturari
1823 1498 1909 1526 non

148 1554 293 1606 potest
324 1566 409 1593 non
441 1552 578 1593 solum
610 1550 823 1593 homicida
854 1551 947 1601 1110,
982 1551 1057 1592 sed
1090 1550 1221 1593 etiam
1254 1549 1320 1602 (vt
1352 1549 1412 1592 sic
1445 1549 1601 1602 dicam)
1635 1549 1863 1592 animicida
1879 1550 1907 1592 4.

147 1616 293 1669 ecquis
324 1618 547 1658 tantorum
580 1616 650 1669 qui
682 1630 794 1658 nunc
827 1615 1019 1669 coepisse
1051 1613 1250 1658 tantumd
1283 1615 1504 1665 videntur,
1538 1615 1800 1657 tumultuum
1833 1617 1910 1657 aut

148 1681 299 1723 modus
333 1684 409 1723 aut
440 1681 536 1722 finis
569 1681 760 1723 existet?
806 1680 1006 1734 Vndique
1038 1680 1273 1735 premimur
1304 1682 1434 1733 atque
1467 1679 1747 1730 concutimur,
1782 1678 1908 1729 domi,

148 1746 267 1796 foris,
303 1746 427 1796 clam,
461 1746 619 1799 palam,
653 1745 770 1787 mille
802 1745 1038 1795 fraudibus,
1073 1748 1117 1787 et
1150 1744 1314 1787 artibus
1336 1744 1475 1795 malis,
1508 1745 1569 1786 At
1591 1745 1731 1785 nullus
1755 1743 1910 1797 quietis

147 1811 351 1865 pacisque
393 1810 556 1852 solidae
600 1811 718 1852 locus
759 1813 1064 1864 praeterquam
1104 1810 1148 1851 in
1188 1809 1389 1851 Crucifixi
1428 1809 1599 1851 Domini
1647 1809 1910 1860 vulneribus,

147 1876 230 1917 huc
261 1875 555 1929 ingrediamur
586 1875 747 1917 fratres
789 1874 985 1928 quamuis
1025 1874 1212 1928 indigni:
1255 1874 1398 1916 fontes
1438 1874 1481 1915 hi
1518 1877 1691 1917 nostras
1733 1874 1911 1916 abluant

147 1940 297 1982 sordes
330 1940 554 1993 sanguine,
588 1939 659 1993 qui
691 1940 761 1981 vel
788 1939 1107 1982 Adamantinae
1139 1939 1330 1992 frangat,
1365 1938 1570 1989 emolliat,
1604 1941 1648 1981 et
1670 1938 1912 1981 sanctificet

146 2007 337 2060 pectora.
401 2005 522 2047 Haec
553 2005 723 2058 requies
755 2007 928 2055 nostra,
961 2003 1030 2046 hic
1060 2006 1234 2058 portus,
1267 2004 1347 2045 hoc
1379 2003 1558 2054 asilum,
1592 2017 1803 2057 nusquam
1836 2005 1912 2045 aut

146 2070 329 2113 tutiores
363 2070 543 2119 erimus,
578 2084 829 2122 quocunque
863 2084 1106 2111 curramus:
1153 2071 1229 2111 aut
1269 2069 1464 2110 viuemus
1498 2068 1671 2110 suauius
1704 2071 1911 2121 quantas-

146 2149 313 2188 cunque
357 2138 572 2177 sectemur
612 2135 873 2188 voluptates.
937 2134 1122 2175 Mundus
1163 2133 1296 2186 igitur
1344 2133 1432 2175 suis
1473 2133 1724 2186 exagitetur
1772 2132 1910 2187 furijs,

147 2199 346 2242 conficiat
379 2214 495 2249 sese,
538 2199 694 2241 durare
726 2213 812 2241 non
843 2201 1008 2254 potest,
1052 2198 1268 2241 transit
1308 2201 1366 2241 vt
1403 2199 1635 2249 vmbra5,
1681 2197 1825 2251 vergit
1857 2197 1912 2239 ad

146 2263 347 2315 seniums,
382 2267 426 2307 et
459 2267 649 2306 aetatem
683 2264 834 2318 opinor
867 2263 1129 2318 decrepitam
1164 2263 1268 2316 agit.
1325 2263 1543 2305 Submersi
1576 2277 1653 2304 nos
1684 2262 1727 2304 in
1754 2262 1913 2304 Christi

149 2329 396 2371 vulneribus
430 2343 515 2371 non
542 2331 609 2370 est
632 2343 706 2370 cur
728 2329 1070 2379 conturbemurg,
1104 2327 1475 2381 gloriabimur
1506 2327 1649 2382 potius
1682 2327 1729 2368 in
1763 2341 1911 2369 cruce

266 2445 279 2458 ‘²
303 2441 338 2473 et
364 2439 472 2473 verbo
499 2439 565 2472 Dei
591 2438 750 2472 reficiam
776 2438 883 2472 hosce
909 2439 1058 2473 miseros
1085 2450 1142 2482 ap.
1170 2440 1229 2472 alt.
1376 2436 1390 2456 b
1413 2449 1557 2471 movere
1584 2449 1640 2480 ap.
1668 2438 1728 2470 alt.

266 2497 277 2511 ⁰
304 2491 470 2535 quoniam
496 2503 553 2535 (Q).
581 2493 641 2525 alt.
788 2490 801 2510 ²¹
827 2493 902 2525 Hoc
927 2493 1132 2525 roenbnlnm
1157 2493 1194 2524 vin
1223 2503 1280 2535 ap.
1309 2492 1369 2525 alt.
1397 2492 1496 2524 deest.

266 2549 278 2563 θ
302 2545 531 2578 adamantem
558 2556 615 2588 (cp.
643 2546 703 2578 alt.
848 2543 859 2563 s
886 2555 1049 2579 somnum
1075 2557 1131 2588 (ψ.
1160 2546 1219 2577 alt.

267 2603 279 2621 ἕ
302 2598 498 2631 Librarius
525 2598 615 2630 alter
641 2609 743 2631 sunm
771 2597 1023 2632 conturbemur
1044 2602 1163 2641 postea
1193 2600 1227 2630 in
1257 2597 1512 2631 contristemur
1538 2598 1694 2629 vintru-it.

272 2698 280 2717 ¹
308 2697 499 2731 Tumultus
534 2710 575 2732 ac
611 2698 798 2732 latrocinia
834 2698 939 2740 dicit,
975 2710 1066 2742 quae
1100 2698 1271 2733 Albertus
1306 2697 1682 2741 Brandenburgensis,
1721 2697 1912 2731 Mauritius

148 2749 253 2791 Saxo,
281 2749 495 2785 Guilielmus
522 2750 662 2785 Hassus
689 2763 880 2795 eorumque
906 2752 991 2785 socii
1019 2751 1209 2786 faciebant.
1262 2751 1315 2785 Cf.
1341 2762 1449 2795 supra
1475 2763 1509 2795 p.
1537 2750 1641 2785 360⁴.

268 2803 280 2822 ‘-'
312 2802 445 2845 „silent
471 2804 563 2837 enim
590 2804 690 2847 leges
716 2804 810 2838 iuter
837 2806 978 2838 arma“:
1010 2805 1140 2848 Cicero,
1167 2804 1236 2838 Pro
1262 2804 1395 2838 Milone
1422 2804 1443 2847 ἓ
1472 2804 1525 2838 10.

269 2858 280 2875 ³
306 2856 414 2890 Hebr.
444 2857 506 2897 13,
534 2856 565 2890 3.
617 2859 714 2897 Quae
751 2857 915 2892 Canisius
952 2857 986 2891 in
1022 2857 1225 2892 carceribus
1261 2857 1516 2891 viennensibus
1551 2856 1792 2901 praestiterit,
1832 2856 1913 2890 vide

148 2908 253 2951 infra,
280 2921 436 2943 monum.
465 2910 520 2944 92.

267 2964 279 2982 4
307 2961 482 3005 Segedino
513 2962 718 3006 (Szegedin)
747 2974 868 2997 mense
894 2963 1087 2997 Februario
1114 2974 1144 2996 a.
1176 2962 1265 2996 1552
1292 2974 1312 2996 a
1338 2962 1464 2996 Turcis
1491 2964 1713 3006 recuperato,
1741 2962 1913 2996 Christia-

148 3026 274 3048 norum
300 3015 435 3049 vexilla
460 3016 506 3050 40
533 3017 569 3049 ct
594 3016 733 3049 aurium
760 3018 1027 3060 amputatarum
1051 3016 1142 3050 5000
1162 3015 1507 3060 Constantinopolim
1534 3014 1644 3049 missa
1671 3018 1766 3050 sunt.
1802 3015 1913 3049 Paulo

148 3070 229 3112 post
247 3068 488 3113 Vesprimiunl
510 3068 743 3113 (Wessprim)
767 3080 787 3103 a
806 3068 931 3103 Turcis
958 3071 1170 3113 occupatum
1199 3069 1373 3112 multique
1400 3080 1442 3102 ex
1470 3067 1644 3102 militibus
1671 3068 1914 3113 praesidiariis

148 3121 319 3155 trucidati
344 3124 428 3155 sunt
457 3122 643 3166 (Bucleoltz
669 3121 690 3155 l.
719 3133 748 3156 c.
775 3121 853 3163 VH,
881 3122 1079 3157 303—304.
1124 3123 1151 3155 I.
1181 3133 1207 3155 ι’.
1236 3123 1406 3155 Hammm·
1432 3120 1455 3155 l.
1483 3132 1512 3155 c.
1539 3120 1592 3162 Π,
1619 3121 1837 3164 219-220).

271 3174 283 3193 ⁵
310 3174 406 3209 Eccl.
435 3176 465 3211 7.
495 3175 524 3208 1.
560 3174 640 3219 Sap.
669 3175 700 3216 5,
728 3175 759 3209 9.

1568 3231 1640 3266 26*
