2113 3430
537 202 807 237 Confessionum
834 202 967 237 Canisii
992 202 1083 237 liber
1107 202 1244 247 primus
1273 202 1317 246 (c.
1347 202 1451 246 1570)
1480 203 1513 238 4.
1847 206 1899 248 17

138 320 394 363 mirabiliter
426 334 476 361 60
507 320 685 374 prouide
718 319 980 375 disposuisti,
1014 322 1062 362 111
1093 319 1130 361 16
1161 333 1230 361 1116
1263 319 1504 362 destinaret
1536 320 1755 363 Coloniam
1770 322 1797 372 1,
1831 323 1902 364 ubi

138 385 371 428 maioribus
412 387 457 426 et
496 385 744 426 melioribus
782 385 937 439 studijs
967 385 1167 428 traderer
1199 384 1465 427 imbuendus.
1529 385 1621 427 Illic
1652 400 1755 428 uero
1789 388 1901 429 sensi

138 449 420 504 multiplicem
452 449 659 492 bonitatis
692 453 735 492 et
767 450 937 503 gratiae
967 450 1011 491 in
1033 464 1101 491 me
1123 452 1226 491 tuae
1248 448 1467 498 uirtutem,
1502 464 1579 503 pro
1603 464 1688 503 qua
1719 453 1903 494 sancti

138 515 220 558 tui
266 528 378 556 nunc
424 528 591 555 mecum
638 514 842 556 nomini
888 518 981 557 tuo
1029 517 1225 557 sancto
1273 514 1652 557 benedicant2.
1731 516 1904 560 Parasti

137 579 352 633 hospitem
384 578 608 620 liberalem
640 579 861 621 Andrean]
895 579 1163 629 Barduickss,
1206 592 1388 631 eumque
1421 579 1688 632 Theologum
1721 595 1903 623 venera-

138 644 280 686 bilem.
344 643 488 686 Patris
529 644 622 685 loco
665 644 820 686 dedisti
852 643 1080 686 Nicolaum
1112 643 1340 685 Ε6011111111’ἆ
1381 644 1649 686 sacerdotem
1692 659 1777 686 non
1809 648 1903 687 uul-

139 708 305 762 gariter
327 707 456 762 pium,
492 708 543 750 de
567 723 649 761 quo
672 709 797 762 plura
820 709 960 750 dicam
982 711 1147 763 postea.
1201 708 1448 762 Hospitium
1480 708 1630 762 primis
1662 710 1785 751 annis
1817 712 1904 753 lar-

139 773 255 827 gitus
288 787 334 815 es
365 787 451 814 non
482 773 622 814 minus
644 773 893 826 religiosum
916 787 1044 826 quam
1067 773 1336 815 commodum
1359 774 1472 827 apud
1495 787 1649 815 aureos
1671 774 1902 828 Martyres,

139 838 230 880 siue
262 840 310 880 ut
342 852 455 879 nunc
485 839 742 891 loquuntur,
793 838 907 892 apud
939 838 990 881 D.
1026 838 1278 880 Gereonem.
1342 838 1451 879 Tum
1483 838 1538 879 ad
1572 839 1808 880 docendum
1842 841 1904 881 di—

141 903 431 955 scendumque
463 903 582 945 locus
617 906 712 946 erat
735 906 862 957 aptus
894 903 1149 945 Montanum
1168 902 1462 956 Gymnasium.
1486 902 1529 944 in
1553 917 1635 956 quo
1658 903 1906 947 liberalibus

141 967 376 1022 disciplinis
408 982 477 1010 me
509 981 685 1022 operam
719 968 842 1017 (lare,
878 970 921 1010 et
953 968 1192 1022 magisterij
1226 968 1419 1009 lauream
1452 968 1654 1021 consequi
1687 970 1862 1013 voluisti
1875 971 1903 1012 4.

140 1032 260 1082 Quod
282 1032 318 1074 si
351 1032 521 1074 amico
554 1032 718 1074 fideli
749 1033 902 1074 nulla
934 1035 1018 1075 est
1051 1032 1419 1086 comparatio,
1454 1047 1550 1074 nec
1583 1033 1750 1086 digna
1781 1049 1905 1088 pon-

141 1097 359 1139 deratio
401 1097 521 1139 auri
562 1100 615 1139 et
656 1097 932 1150 argenti5,
966 1111 1043 1151 pro
1075 1112 1233 1150 magno
1266 1097 1438 1150 quidem
1470 1112 1646 1140 munere
1678 1099 1721 1140 id
1753 1100 1829 1141 abs
1861 1104 1906 1143 te

139 1162 243 1204 mihi
266 1176 516 1204 concessum
549 1162 682 1204 debeo
716 1161 980 1212 existimare,
1014 1165 1062 1205 ut
1094 1162 1296 1204 Coloniae
1329 1163 1569 1216 complures
1602 1163 1776 1215 amicos,
1811 1179 1906 1206 eos—

141 1241 222 1280 que
255 1227 446 1269 sinceros
487 1230 531 1269 61
572 1226 741 1269 animae
782 1240 904 1268 meae
937 1227 1122 1269 salutem
1155 1229 1352 1269 amantes
1385 1226 1678 1281 assequererb.
1742 1229 1905 1271 Ibidem

139 1292 323 1346 primun]
356 1292 489 1334 Sacra
522 1292 696 1342 docere,
741 1294 785 1333 et
821 1291 1064 1333 concionari
1105 1291 1226 1346 coepi
1266 1294 1342 1333 tua
1383 1293 1584 1334 suffultus
1616 1293 1783 1346 gratia:
1826 1309 1905 1337 nec

141 1357 242 1398 alibi
265 1356 562 1405 subdiaconus,
597 1356 801 1398 diaconus
825 1359 868 1399 et
889 1357 1120 1410 presbyter
1141 1371 1235 1398 611111
1267 1357 1423 1407 factus,
1456 1358 1584 1399 nullis
1606 1358 1712 1400 meis
1735 1359 1906 1412 quidem

140 1421 305 1463 meritis
326 1421 370 1463 id
391 1421 724 1476 postulantibus,
759 1422 833 1463 sed
856 1425 933 1464 tua
956 1422 1183 1471 duntaxat,
1218 1425 1395 1464 aeterne
1427 1422 1642 1474 Pontifex,
1678 1424 1906 1467 clementia

141 1486 425 1537 concedente,
467 1486 762 1540 maiorumque
806 1501 999 1528 meorum
1043 1487 1310 1529 authoritate
1350 1487 1667 1539 intercedente,
1706 1489 1908 1531 nimirum

141 1558 189 1594 ut
229 1565 324 1605 per
365 1551 567 1594 ostium
608 1551 960 1605 ingrederer,
1004 1552 1253 1605 nullumque
1294 1551 1579 1594 ministerium
1616 1554 1832 1607 publicum
1863 1555 1908 1596 in

142 1616 266 1658 domo
289 1619 366 1659 tua
388 1616 590 1667 subirem,
623 1616 705 1658 nisi
738 1616 1031 1670 aperiente
1063 1616 1191 1658 mihi
1224 1616 1492 1659 ostiario6
1523 1618 1715 1671 legitime
1737 1619 1907 1670 missus,

142 1683 186 1723 et
230 1695 308 1735 per
349 1695 421 1723 eos
463 1680 536 1734 qui
579 1681 762 1735 gradum
806 1684 958 1723 tenent
998 1681 1318 1736 Apostolicum,
1363 1682 1407 1723 in
1448 1682 1645 1725 Ecclesia
1687 1684 1907 1727 Catholica

143 1745 366 1789 ordinatus
399 1760 551 1788 essem.

261 1811 514 1853 Caeterum⁰
545 1813 593 1853 ut
625 1811 680 1853 ad
711 1814 1051 1866 praeceptorem,
1085 1811 1169 1853 imo
1203 1809 1270 1854 etd
1302 1815 1471 1866 patrem
1496 1813 1728 1855 Eschium⁷
1759 1828 1905 1856 reuer-

142 1879 248 1927 tare,
291 1875 523 1918 benedic
556 1876 734 1918 anima
767 1891 880 1918 mea
911 1876 1162 1927 Domino,
1205 1880 1258 1920 et
1298 1877 1411 1918 noli
1444 1877 1708 1920 obliuisci
1745 1879 1908 1922 retri-

262 2013 275 2027 3
305 2009 387 2042 ίόιῖ.
416 2019 506 2042 ηιοη.
535 2007 738 2048 Ε60011111111,
765 2009 859 2051 qaod
882 2009 1014 2050 falsam
1043 2019 1111 2041 esse
1137 2020 1179 2041 er
1205 2010 1288 2041 aliis
1312 2009 1471 2050 fontibus
1490 2014 1599 2052 patet.

261 2060 276 2080 ¹³
300 2063 528 2105 Sententiam,
554 2073 643 2105 qaae
667 2063 839 2105 sequitur,
871 2063 1107 2104 affertetlam
1133 2062 1225 2095 Rad.
1253 2063 1274 2095 l.
1303 2073 1329 2095 c.
1358 2064 1402 2094 32
1431 2060 1554 2106 (usqae
1581 2064 1628 2096 acl
1655 2064 1758 2096 cerba
1789 2076 1907 2109 „pres-

143 2113 249 2159 byter
274 2125 351 2148 sun]
379 2114 518 2148 faetus“
550 2114 660 2157 incl).

260 2172 270 2186 ⁰
299 2170 395 2209 Quae
411 2173 618 2211 seqeamtar,
637 2179 659 2200 a
674 2166 863 2201 Caeterum
884 2179 989 2211 usqae
1007 2168 1054 2201 acl
1072 2167 1349 2211 gratificandum
1368 2169 1403 2201 et
1417 2167 1685 2211 obsequendum
1701 2171 1756 2204 est
1772 2172 1824 2214 (p.
1840 2172 1906 2211 20)

145 2222 353 2263 afferantur
379 2233 401 2254 a
419 2222 561 2254 Radero
581 2233 621 2264 p.
643 2224 766 2261 7-12,
794 2226 823 2253 et
850 2232 869 2253 a
896 2221 1052 2263 Resthone
1081 2221 1145 2263 (Ut
1170 2220 1214 2254 ad
1241 2223 1509 2265 praeceptorem
1538 2233 1643 2265 usqae
1669 2224 1715 2255 ad
1741 2235 1792 2267 ea,
1819 2236 1909 2267 qnae

145 2274 246 2316 [nfra
268 2286 305 2317 p.
336 2276 624 2317 18‘1p0nentur)
647 2286 684 2317 χ).
715 2276 864 2307 12—14.
919 2275 1055 2307 Gallice
1081 2285 1119 2307 ea
1147 2276 1246 2317 ponit
1272 2275 1436 2317 Dorissny
1456 2286 1495 2317 l).
1526 2277 1674 2309 15—18.

264 2325 278 2345 ‘³
302 2327 345 2360 ad
373 2328 464 2360 aad.
611 2332 622 2346 Θ
648 2327 755 2360 11111110
781 2329 921 2371 patrem
948 2338 1076 2367 meum,
1102 2329 1266 2360 revertar
1294 2328 1392 2370 Pythi.

264 2445 274 2465 ¹
301 2444 563 2488 Noviomagum
598 2444 641 2478 ad
677 2443 970 2478 archidioecesini
1007 2443 1245 2477 coloniensem
1283 2442 1505 2487 pertinebat,
1546 2443 1656 2477 donec
1682 2443 1817 2478 Paulus
1845 2444 1903 2479 IV.

145 2508 236 2531 anno
264 2498 353 2531 1559
390 2497 634 2542 episcopatum
669 2497 1010 2531 ruraemundensem
1049 2496 1224 2537 condidit,
1264 2496 1320 2530 cui
1355 2498 1440 2530 tunc
1466 2495 1726 2539 Noviomagum
1766 2509 1906 2542 quoque

145 2550 357 2584 attributum
383 2552 448 2584 est.
499 2550 602 2585 Nunc
629 2550 795 2595 episcopo
822 2550 1077 2584 boscoducensi
1107 2549 1150 2593 (’s
1169 2548 1481 2592 Hertogenbosch)
1511 2552 1622 2593 paret.

266 2603 279 2623 ²
304 2602 363 2637 Ps.
394 2603 470 2645 144,
499 2604 552 2638 10.

265 2656 277 2675 ³
303 2655 468 2690 Canisius
495 2656 673 2690 Andrean]
700 2656 800 2691 Herll
829 2657 871 2690 de
898 2656 1088 2690 Bardwick
1114 2655 1305 2699 significat,
1333 2666 1377 2688 ex
1404 2655 1609 2700 Baardwijk
1636 2667 1744 2701 prope
1772 2656 1906 2692 Oister-

146 2708 242 2753 wijk,
269 2708 486 2742 Brabantiae
512 2709 650 2746 vicum.
684 2712 811 2743 ortum.
864 2709 931 2751 Qui
958 2710 1150 2743 canonicus
1177 2708 1349 2743 ecclesiae
1377 2707 1410 2742 S.
1439 2708 1610 2742 Gereonis
1637 2711 1673 2743 et
1706 2709 1908 2755 theologiae

146 2761 353 2796 licentiatus
391 2764 468 2796 erat
505 2764 542 2795 et
580 2773 670 2796 anno
709 2763 797 2796 1525
837 2763 872 2796 in
908 2762 1091 2796 academia
1130 2761 1323 2795 coloniensi
1366 2760 1516 2795 rectoris
1559 2773 1689 2796 1111111116
1733 2768 1906 2807 gesserat.

150 2816 214 2848 Fr.
243 2816 278 2848 J.
308 2827 334 2848 r.
361 2816 510 2858 Bimzeo,
536 2814 602 2848 Die
628 2815 700 2848 alte
728 2815 954 2849 Universitiit
980 2815 1072 2848 Koln
1101 2815 1113 2848 l
1143 2815 1251 2858 (Koln
1280 2814 1399 2857 1855),
1426 2814 1505 2848 832.

265 2869 277 2888 ⁴
303 2867 355 2901 De
381 2868 437 2902 his
464 2871 499 2902 et
526 2867 568 2901 de
594 2868 648 2909 iis,
676 2879 766 2911 quae
792 2870 1001 2912 sequuntur,
1029 2868 1110 2902 vide
1137 2868 1241 2908 infra,
1267 2878 1420 2901 monum.
1447 2868 1574 2902 4—13.

266 2922 278 2941 ⁵
304 2921 414 2955 Eccli.
442 2922 473 2962 6,
503 2922 555 2955 15.
702 2921 714 2941 ⁶
741 2920 794 2955 Cf.
822 2921 868 2955 Io.
900 2921 951 2960 10,
982 2922 1080 2955 1-9.

266 2974 278 2994 ⁷
304 2974 472 3008 Nicolaus
516 2985 586 3007 van
623 2973 738 3008 Esche
780 2973 967 3008 Osterwici
1016 2986 1124 3018 prope
1159 2973 1297 3007 Silvam
1331 2972 1441 3007 Ducis
1476 2984 1567 3008 anno
1606 2975 1693 3009 1507
1730 2979 1837 3011 1161116
1871 2981 1904 3012 et

147 3026 295 3060 Lovanii
322 3027 547 3070 gravioribus
575 3026 773 3071 disciplinis
799 3026 966 3061 excultus
992 3029 1066 3067 est;
1097 3039 1189 3060 anno
1211 3027 1300 3061 1530
1326 3026 1524 3060 sacerdotio
1551 3027 1713 3062 initiatus
1741 3029 1907 3064 Coloniae

147 3079 241 3113 domi
278 3080 442 3114 Andreae
481 3080 582 3114 Hei-ll
620 3091 749 3113 munus
797 3079 997 3124 paedagogi
1035 3080 1165 3114 obibat.
1228 3080 1362 3113 Ferunt
1400 3091 1498 3120 611111,
1537 3092 1721 3115 sacrarum
1760 3084 1906 3118 inedita-

147 3131 284 3166 tionum
310 3133 531 3177 aliorumque
566 3133 712 3178 pietatis
747 3132 999 3167 exercitiorum
1035 3133 1355 3174 studiosissimum,
1395 3133 1487 3178 apud
1525 3133 1781 3169 carthusianos
1818 3137 1906 3170 colo-

147 3185 288 3219 nienses
315 3186 442 3220 cellam
468 3198 571 3220 suani
597 3186 784 3225 habuisse;
812 3186 919 3220 libros
946 3186 1052 3220 etiam
1080 3186 1217 3231 aliquot
1234 3186 1645 3231 Ρ1061111110611161111611,
1673 3198 1701 3222 e.
1721 3200 1753 3231 g.
1779 3189 1907 3229 „Exer-

218 3250 528 3282 Braunsberger,
547 3251 658 3276 Cauisii
678 3251 835 3282 Epistulae
855 3253 884 3275 et
905 3253 987 3275 Acta.
1016 3251 1037 3275 ].
1612 3248 1630 3277 '2
