2113 3430
235 223 369 252 XXXII
724 207 768 242 11.
803 207 1028 242 Prooemium
1055 208 1223 251 generale
1248 208 1362 243 totius
1387 208 1514 254 operis.

354 325 405 358 In
448 323 539 357 hac
582 323 799 357 editione
841 334 956 365 eam,
999 335 1118 368 quae
1159 324 1289 358 modo
1330 325 1584 371 proposita
1626 327 1718 368 est,
1765 326 2002 361 rationem

233 380 399 412 tenere
441 376 650 422 placuit,
694 376 804 420 quia
845 376 893 410 in
935 388 987 411 ea
1028 388 1143 411 vera
1185 377 1413 421 quaedam
1457 379 1620 414 inesse
1662 379 1860 414 videtur
1900 380 2001 414 sim-

233 431 458 475 plicitas,
497 429 736 471 firmitas,
775 429 1059 464 constantia
1097 432 1261 474 atque,
1299 430 1340 464 si
1377 431 1452 466 ita
1488 431 1622 477 loqui
1660 432 1740 466 fas
1779 434 1871 475 est,
1914 433 2000 475 „ob-

232 482 528 517 iectivitas“.
589 482 875 517 Modernizemus
913 494 947 517 V.
986 494 1020 527 g.
1059 483 1385 528 interpunctionem
1422 484 1629 530 antiquam!
1680 485 1770 520 Post
1808 485 1852 520 50
1890 496 2001 521 annos

232 536 387 570 fortasse
413 536 484 570 iam
510 536 600 570 haec
626 536 704 581 ipsa
730 547 856 570 recens
882 535 1123 581 interpunctio
1149 536 1218 571 erit
1244 536 1405 571 obsoleta
1419 538 1440 572 ¹.
1483 537 1754 573 Constituamus
1779 538 1816 572 in
1842 538 2001 583 antiquis

231 589 353 624 verbis
379 589 595 633 germanicis
621 588 762 623 litteras
789 589 871 623 illas
907 591 1144 624 consonantes
1180 589 1397 625 omittendas
1427 601 1527 632 esse,
1562 603 1654 636 quae
1678 603 1774 626 nunc
1799 591 1835 625 in
1860 591 1906 626 iis
1930 603 2001 626 non

231 644 422 688 ponantur.
474 642 542 677 Sed
573 642 746 686 numquid
781 642 925 677 easdem
961 642 1239 688 orthographiae
1275 643 1502 687 germanicae
1537 644 1637 688 leges
1671 645 1806 679 habent
1831 645 2002 679 Borussia

231 698 339 740 atque
359 696 534 730 Austria‘?
570 695 670 735 Sunt,
696 696 733 730 ni
758 696 874 735 fallor,
901 695 1010 730 etiam
1032 696 1306 741 typographiae,
1333 708 1425 741 quae
1448 697 1742 744 „orthographias
1760 698 1995 733 domestica&

231 749 298 783 sibi
325 749 569 784 condiderunt.
622 749 667 783 Et
692 749 788 794 quid,
815 760 959 794 quaeso,
990 751 1072 794 post
1097 750 1153 791 20,
1180 752 1262 795 post
1289 750 1356 785 100
1382 762 1494 785 annos
1520 750 1617 786 erit‘?
1659 751 1775 786 Fluxa
1800 751 1891 786 haec
1915 754 2002 786 sunt

231 805 266 836 et
305 803 453 837 incerta.
503 802 630 837 Multis
666 803 810 847 quidem
845 802 966 837 verbis
1001 802 1160 837 Iulius
1194 802 1540 838 Weizsaecker
1577 803 1614 838 in
1648 805 1793 839 exordio
1828 805 1999 839 Actorum

231 855 456 890 comitiorum
494 855 781 900 germanicorum
819 855 944 897 docet,
983 854 1160 901 quaenam
1198 856 1233 890 in
1271 856 1364 891 actis
1402 856 1608 900 germanice
1646 857 1792 903 scriptis
1829 858 2000 902 antiquae

231 909 445 954 scriptiones
480 909 706 950 retinendae,
744 920 836 953 quae
870 909 1065 943 mutandae
1090 909 1174 944 sint.
1225 908 1295 944 Sed
1321 921 1428 954 quam
1462 910 1614 945 subtiles
1638 911 1784 945 tandem
1811 911 2001 956 aliquando

231 962 378 1005 regulae
404 962 488 996 illae
524 963 700 1004 evadunt,
737 974 843 1007 quam
879 962 1098 1007 multiplices
1129 965 1165 997 et
1191 963 1403 999 difficiles2!
1446 963 1602 1008 Ideoque
1637 963 1744 998 facile
1779 965 1923 1008 quidem
1948 964 1999 998 in-

232 1016 385 1057 veneris,
413 1016 472 1060 qui
499 1016 711 1061 profiteatur
736 1028 775 1050 se
799 1015 1000 1060 generatim
1019 1018 1055 1050 et-
1071 1016 1279 1050 summatim
1298 1015 1567 1051 Weizsaeckeri
1584 1017 1684 1061 leges
1702 1028 1888 1058 servasse;
1914 1029 2000 1052 num

232 1081 318 1102 vero
335 1068 439 1103 multi
463 1069 674 1112 singillatim
699 1072 807 1114 atque
826 1072 994 1104 accurate
1012 1081 1074 1104 eas
1092 1072 1299 1114 sequantur,
1327 1070 1483 1105 dubitari
1501 1072 1621 1116 potest
1632 1071 1654 1105 ³.
1694 1070 1839 1105 Certum
1858 1071 2001 1115 quidem

233 1125 289 1156 est
323 1122 467 1156 saeculo
493 1122 588 1156 XVI.
616 1123 827 1165 verborum,
862 1123 1038 1167 imprimis
1073 1123 1378 1167 germanicorum,
1412 1124 1642 1169 scriptionem
1668 1124 1763 1158 haud
1788 1135 1868 1159 raro
1894 1124 2001 1159 valde

233 1176 505 1220 incompositam
532 1177 569 1209 et
593 1175 766 1210 insulsam
793 1187 834 1210 ac
861 1176 965 1220 quasi
990 1176 1245 1211 silvescentem
1269 1176 1404 1219 fuisse,
1431 1177 1538 1222 idque
1564 1189 1671 1222 saepe
1697 1189 1743 1212 ex
1768 1177 1912 1212 inscitia
1938 1180 2001 1212 aut

232 1229 378 1263 licentia
405 1241 536 1271 eorum,
564 1230 624 1274 qui
650 1229 800 1263 aliorum
818 1229 990 1264 mandatu
1016 1241 1074 1264 res
1092 1230 1298 1265 scribebant
1315 1230 1375 1264 vel
1391 1231 1690 1265 transcribebant.
1730 1230 1855 1275 Neque
1877 1233 1999 1265 tamen

233 1294 355 1316 omnes
381 1294 415 1316 v.
435 1294 468 1326 g.
488 1283 758 1317 consonantium
783 1282 1043 1317 cumulationes
1060 1295 1157 1317 mere
1182 1283 1394 1318 arbitrariae
1411 1286 1514 1326 sunt3
1540 1284 1675 1318 multae
1694 1283 1787 1318 enim
1806 1284 2000 1318 dialectum

231 1335 329 1370 illius
355 1335 512 1379 regionis
547 1336 808 1381 verborumque
842 1336 1078 1381 prolationem
1112 1336 1291 1378 indicant,
1326 1336 1476 1381 ideoque
1511 1337 1555 1372 ad
1590 1337 1735 1381 linguae
1771 1336 1999 1382 germanicae

232 1389 419 1423 historiam
455 1390 739 1433 cognoscendam
774 1390 972 1424 conferunt.
1023 1389 1097 1424 Iam
1124 1401 1210 1424 vero
1236 1401 1344 1434 quam
1379 1390 1526 1425 difficile
1561 1402 1669 1436 saepe
1705 1393 1760 1425 est
1785 1390 1999 1432 discernere,

233 1441 317 1485 quid
344 1442 487 1476 dialecti
514 1442 562 1476 sit
586 1443 737 1487 ideoque
762 1443 976 1484 tenendum,
1012 1443 1098 1487 quid
1124 1442 1291 1477 licentiae
1317 1443 1543 1478 librariorum
1569 1444 1719 1488 ideoque
1744 1444 1998 1478 resecandum!

232 1495 357 1530 Nonne
382 1497 566 1540 praestat,
599 1508 845 1540 quaecumque
872 1497 1055 1530 commode
1081 1496 1228 1531 retineri
1253 1498 1424 1542 possunt,
1459 1496 1614 1531 retinere
1641 1499 1677 1531 et
1702 1497 1746 1532 iis
1773 1496 2000 1531 diiudicanda

232 1548 460 1593 permittere,
499 1549 559 1594 qui
594 1549 739 1593 linguae
774 1550 1001 1593 germanicae
1036 1562 1082 1584 ex
1116 1550 1277 1595 professo
1310 1550 1478 1591 student,
1517 1561 1676 1594 quosque
1716 1550 1994 1595 „germanistas⁴‘

232 1602 382 1636 dicimus
394 1604 412 1636 ἰ)
455 1602 651 1648 Propterea
677 1603 802 1637 doctus
829 1603 974 1647 quidam
999 1605 1143 1638 nostrae
1169 1602 1300 1638 aetatis
1325 1604 1400 1638 vir:
1442 1603 1568 1646 „N0s“‚
1594 1603 1730 1648 inquit,
1761 1603 1892 1646 „multo
1918 1603 1999 1648 plus

232 1655 436 1689 detrimenti
462 1656 620 1701 patimur
646 1668 690 1691 ex
717 1657 862 1701 scriptis
897 1656 942 1691 ad
977 1658 1111 1691 certam
1146 1668 1307 1691 normam
1343 1657 1550 1701 castigatis,
1586 1668 1693 1701 quam
1729 1669 1773 1691 ex
1809 1657 1871 1698 iis,
1907 1668 2000 1701 quae

232 1709 335 1752 quasi
374 1709 606 1744 silvescunt.“
623 1712 635 1730 ⁴
685 1710 836 1744 Accedit
878 1710 986 1744 etiam
1028 1710 1115 1752 hoc,
1156 1710 1264 1754 idque
1305 1710 1413 1745 valde
1456 1721 1588 1755 grave,
1631 1710 1725 1755 quod
1765 1710 1880 1744 multa
1920 1721 1999 1755 pro-

355 1869 366 1888 1
390 1867 430 1902 P.
454 1870 495 1903 G.
515 1870 565 1903 M.
584 1870 750 1903 Pcwlztler
769 1868 803 1903 S.
822 1869 854 1903 J.
883 1880 961 1903 eam
986 1868 1173 1910 rationem,
1199 1879 1292 1913 quae
1310 1880 1391 1902 curn
1416 1880 1497 1903 mea
1522 1868 1598 1903 fere
1624 1868 1825 1909 concordat,
1851 1869 1998 1902 secutus

233 1922 306 1961 est,
337 1932 418 1955 cum
452 1921 546 1956 inter
577 1922 827 1964 „Monumenta
854 1922 1069 1957 Germaniae
1095 1921 1366 1965 Paedagogica“
1401 1921 1608 1964 „Rationem
1642 1921 1842 1956 studiorum
1877 1923 1914 1955 et
1946 1921 1998 1955 in-

231 1973 439 2009 stitutiones
465 1975 699 2010 scholasticas
718 1975 909 2010 Societatis
926 1976 1007 2010 Iesu
1032 1987 1096 2021 per
1114 1975 1343 2010 Germaniam
1361 1975 1444 2009 olim
1462 1975 1648 2019 vigentes“
1675 1975 1775 2019 (voll.
1789 1975 1821 2016 4,
1841 1973 1997 2008 Berolini

235 2028 483 2072 1887—1890)
512 2029 548 2062 in
574 2029 691 2063 lucem
718 2029 917 2071 emitteret,
952 2041 1018 2063 nec
1044 2028 1234 2073 quisquam
1270 2040 1412 2070 eorum,
1448 2029 1509 2072 qui
1534 2028 1640 2062 huius
1675 2028 1792 2073 operis
1827 2038 1998 2062 censuras

230 2081 464 2126 scripserunt,
491 2081 526 2115 id
552 2083 644 2117 serio
670 2082 943 2128 reprehendisse
969 2081 1124 2117 videtur.

352 2135 365 2155 ‘-'
390 2134 572 2169 Deutsche
598 2136 927 2179 Reichstagsakten
953 2136 969 2169 Ι
999 2135 1195 2180 (Miinchen
1222 2134 1342 2178 1867),
1368 2145 1621 2169 LXIX-LXXX.

352 2188 364 2208 ³
392 2188 442 2223 Cf.
471 2200 500 2223 e.
528 2200 562 2232 g.
589 2189 835 2224 Historisches
861 2188 1047 2224 Jahrbuch
1072 2188 1123 2222 IX
1162 2187 1357 2232 (Miinchen
1386 2188 1516 2232 1888),
1549 2188 1748 2223 459—471.
1799 2187 1854 2221 Ita
1888 2185 1996 2220 etiam

231 2240 275 2275 H.
303 2241 346 2275 de
373 2240 481 2286 Sybel
506 2245 617 2286 negat
651 2245 852 2286 Auynstnm
878 2243 1092 2277 Klzcelcholm
1127 2241 1163 2276 in
1202 2241 1293 2276 actis
1319 2241 1542 2276 comitiorum
1577 2241 1815 2275 recentiorum
1851 2239 1997 2274 edendis

231 2297 423 2340 praecepta
450 2295 538 2330 haec
564 2296 832 2331 &Veizsaeckeri
859 2296 977 2330 omnia
1003 2297 1165 2330 secutum
1199 2306 1297 2329 esse:
1332 2294 1514 2329 Deutsche
1540 2292 1867 2337 Reichstagsakten
1892 2294 1999 2327 unter

232 2347 359 2382 Kaiser
377 2348 464 2382 Karl
483 2349 526 2383 V.
558 2349 683 2384 Erster
706 2349 818 2392 Band,
837 2350 956 2384 bearb.
975 2361 1046 2383 von
1060 2349 1152 2392 Aug.
1169 2348 1385 2382 Kluckhohn
1405 2347 1539 2392 (Gotha
1560 2347 1680 2390 1893),
1700 2346 1800 2381 Vorr.
1819 2358 1853 2391 p.
1872 2357 1926 2380 111.
1946 2357 1995 2379 1v.

351 2404 364 2422 4
393 2402 494 2444 „Wir
529 2402 646 2437 leiden
673 2403 745 2437 viel
771 2403 873 2437 mehr
907 2405 1013 2437 unter
1047 2402 1115 2436 den
1150 2401 1436 2436 normalisierten
1462 2401 1620 2442 Texten,
1656 2399 1710 2434 als
1744 2402 1849 2434 unter
1883 2399 1998 2433 denen

230 2455 296 2489 mit
330 2455 578 2490 verwilderter
603 2456 903 2491 Schreibweise“:
939 2457 1004 2490 Fr.
1032 2457 1162 2499 Josz‘es,
1196 2454 1325 2489 Daniel
1359 2466 1431 2489 von
1462 2454 1575 2488 Soest.
1633 2453 1698 2487 Ein
1734 2452 1998 2487 westfalischer

233 2508 408 2542 Satiriker
443 2509 506 2543 des
541 2510 593 2544 16.
622 2510 888 2544 Jahrhunderts
925 2509 1147 2554 (Paderborn
1176 2508 1281 2552 1888)
1320 2520 1353 2553 p.
1381 2507 1579 2542 391-392.
1630 2506 1697 2548 Qui
1732 2506 1802 2540 alio
1838 2506 1873 2540 in
1907 2505 1997 2540 libro

231 2563 388 2595 testatur
414 2562 448 2596 in
475 2562 530 2603 iis,
558 2575 649 2607 quae
676 2575 838 2597 sermone
867 2562 1082 2598 Germaniae
1108 2561 1287 2596 inferioris
1314 2560 1516 2605 conscripta
1542 2560 1625 2601 sint,
1652 2559 1800 2594 difficile
1827 2571 1917 2600 esse,
1944 2570 1996 2600 ea,

231 2626 323 2658 quae
350 2627 392 2648 ex
420 2616 649 2659 neglegentia
674 2619 816 2650 tantum
833 2617 1049 2662 scriptorum
1067 2627 1130 2650 seu
1155 2615 1381 2650 librariorum
1399 2613 1618 2658 irrepserint,
1646 2613 1847 2647 discernere
1872 2612 1996 2656 sicque

232 2679 295 2712 pro
328 2669 546 2703 correctione
582 2669 716 2703 solidas
752 2672 942 2714 certasque
977 2669 1078 2713 leges
1113 2669 1274 2703 condere.
1330 2667 1414 2710 „Die
1439 2666 1639 2701 Ansichten
1673 2667 1761 2701 iiber
1795 2666 1851 2700 die
1885 2665 1996 2710 philo-

232 2720 392 2764 logische
418 2721 629 2766 Thatigkeit
654 2723 710 2757 bei
738 2724 800 2757 der
817 2723 1059 2767 NViedergabe
1083 2720 1517 2756 mittelniederdeutscher
1535 2720 1649 2754 'sexte
1667 2719 1746 2754 sind
1765 2718 1994 2763 augenblick-

230 2773 303 2808 lich
329 2774 420 2808 noch
447 2775 482 2808 in
508 2775 570 2809 der
597 2775 771 2819 Giihrung
796 2776 982 2820 begriffen.
1033 2775 1098 2810 Die
1123 2774 1262 2808 Reihen
1288 2773 1506 2819 derjenigen,
1532 2773 1667 2808 welche
1684 2773 1762 2807 hier
1786 2771 1889 2806 stark
1915 2782 1995 2805 con-

231 2828 414 2861 servative
442 2828 667 2863 Grundsiitze
693 2829 962 2872 vertheidigen,
997 2827 1211 2863 verstarken
1238 2826 1315 2861 sich
1342 2827 1559 2861 zusehends'‘
1594 2826 1675 2870 (Die
1701 2824 1904 2860 Chroniken
1934 2824 1996 2858 der

233 2880 500 2915 westfalischen
536 2883 606 2915 und
633 2882 985 2917 niederrheinischen
1011 2881 1146 2916 Stadte.
1197 2881 1261 2915 Bd.
1289 2880 1341 2915 II:
1378 2880 1482 2914 Soest
1508 2879 1668 2924 [Leipzig
1696 2877 1810 2922 1889],
1837 2888 1994 2922 p.xm11.

232 2934 348 2977 xmv).
400 2935 538 2978 Atque,
566 2937 605 2969 ut
632 2936 739 2969 etiam
767 2947 812 2970 ex
838 2935 1124 2970 adversariorum
1152 2934 1233 2967 fidei
1261 2933 1458 2968 catholicae
1485 2933 1614 2967 castris
1641 2930 1844 2976 exemplum
1875 2930 1996 2974 quale-

233 2999 384 3030 cumque
411 2988 658 3033 depromatur,
695 2991 729 3023 J.
758 2990 803 3023 K.
831 2991 869 3023 Γ.
896 2989 1050 3022 Knaczke
1074 2988 1110 3021 in
1136 2987 1358 3032 praefatione
1383 2998 1498 3021 novae
1524 2986 1621 3020 illius
1647 2984 1811 3019 editionis
1837 2983 1993 3017 omnium

233 3052 378 3084 operum
414 3041 560 3075 Lutlieri
597 3042 784 3086 profitetur
818 3053 856 3076 se
895 3042 930 3075 in
965 3040 1150 3075 vocabulis
1185 3039 1401 3084 germanicis
1445 3039 1593 3082 „silvam
1631 3037 1730 3072 illam
1768 3037 1988 3071 litterarum*

238 3105 336 3135 „cuin
363 3105 427 3127 sua
454 3094 653 3128 nodositate
680 3098 715 3128 et
742 3095 938 3128 curvitate⁴⁴
981 3093 1085 3138 (,mit
1119 3093 1242 3127 scinen
1268 3093 1430 3127 Knorren
1459 3092 1531 3126 und
1558 3091 1792 3134 Kriimlnen“)
1820 3089 1993 3124 intactam

233 3146 433 3190 relinquere
468 3150 503 3181 et
539 3147 677 3191 aliquos
715 3149 856 3182 tantum
900 3158 1018 3181 ramos
1053 3146 1209 3181 avellere
1248 3146 1324 3190 (Dr.
1360 3145 1495 3180 Martin
1529 3144 1683 3178 Luthers
1717 3142 1863 3177 WVerke.
1914 3142 1992 3176 Kri-

233 3199 347 3233 tischc
384 3200 731 3244 Gesammtausgabe
764 3201 778 3234 Ι
815 3199 991 3245 [Weimar
1029 3199 1152 3244 1883],
1187 3198 1400 3243 xlx—xm).
1449 3198 1579 3233 Censet
1613 3197 1756 3241 quidem
1791 3197 1856 3230 Fr.
1886 3196 1982 3229 Falla
