2113 3430
540 203 673 238 Canisii
699 203 968 238 Testamentum
994 213 1137 236 sacrum
1166 202 1210 246 (c.
1240 201 1345 245 1596)
1374 201 1406 235 4.
1434 202 1464 235 5.
1822 204 1876 244 45

122 323 331 365 seruitute
362 324 540 377 portare
577 321 719 375 coepi,
763 320 1087 373 >¹‘—factisque
1128 320 1242 361 votis
1264 320 1353 349 ——ss
1396 333 1447 361 ea
1488 321 1744 361 consecutus
1784 333 1878 360 sum

121 388 358 442 praesidia,
401 389 450 429 ut
480 387 620 428 Deum
653 385 895 440 expeditius
928 385 1133 435 colerem,
1167 398 1236 426 me
1267 385 1430 438 ipsuma
1462 383 1615 426 fortius
1647 384 1876 434 uincerem,

122 452 251 494 animi
273 466 424 506 pacem
445 451 681 505 perfectius
704 451 940 492 obtinerem
966 449 1205 502 iustiusque
1228 463 1323 491 cum
1345 448 1678 502 psalmographo
1702 450 1878 490 cantare

120 531 305 572 possem,
338 513 596 569 laqueusb
626 515 908 558 contritus
941 517 1046 564 est,
1081 517 1134 556 et
1166 528 1261 555 nos
1292 513 1524 554 liberati
1558 527 1759 563 sumus,
1793 513 1878 554 ad-

120 582 386 623 iutorium
417 583 666 622 nostrum
698 580 749 622 in
781 579 994 622 nomine
1027 578 1270 621 domini1.
1332 578 1593 630 >'⁵—quue
1625 577 1778 619 iustius
1810 592 1878 619 me

121 647 297 689 miseret
327 646 496 688 illorum
525 645 596 698 qui
617 646 707 675 —*
740 645 988 698 religiosam
1014 643 1281 698 disciplinam
1313 645 1520 695 tanquam
1554 642 1879 684 difficultatibus

120 711 293 766 plenam
327 709 410 765 [et]
445 711 536 740 ³⁵—-
556 710 843 752 intollerabile
871 709 1018 763 iugum
1039 709 1130 739 -*
1163 708 1410 757 exhorrent,
1444 706 1643 760 quoniam
1677 721 1729 748 ex
1762 706 1879 748 inani

121 790 172 818 ac
204 775 357 830 puerili
389 778 507 818 metu
539 775 696 817 erroris
728 774 790 816 sui
827 774 1003 828 capiunt
1035 774 1323 823 occasionem,
1359 772 1457 813 dum
1490 772 1596 813 adeo
1630 771 1880 824 defugiuntc

121 840 411 893 Euangelicae
433 840 704 894 paupertatis
726 839 1008 889 incommoda,
1036 852 1145 891 quae
1167 837 1366 892 Apostoli
1387 836 1597 891 primique
1620 836 1850 878 Christiani
1864 835 1879 861 2

120 905 316 947 hilariter
348 905 560 959 complexi
592 908 704 947 sunt.
753 904 821 945 Ad
853 904 959 945 haec
990 903 1138 956 iugum
1170 902 1416 956 Religiosae
1449 901 1731 950 obedientiae,
1766 901 1878 953 quod

120 970 306 1012 uictimis
339 970 534 1012 omnibus
566 970 790 1024 praestat3
823 969 993 1010 omnino
1021 969 1279 1017 detrectant,
1314 982 1362 1009 ac
1392 981 1468 1008 suo
1494 964 1581 1020 [?]‘³
1612 965 1766 1007 iudicio
1798 965 1878 1006 im-

121 1034 276 1089 pediti,
318 1035 577 1076 laboriosam
618 1047 827 1088 pugnam,
871 1033 959 1061 *——
983 1047 1092 1085 quae
1124 1032 1238 1075 inter
1269 1032 1467 1086 spiritum
1508 1033 1551 1072 et
1593 1044 1765 1072 carnem
1797 1029 1878 1083 pijs

123 1102 189 1141 est
212 1099 456 1141 necessaria
469 1100 497 1149 4,
532 1100 622 1127 ⁸⁶——
644 1098 949 1147 reformidant3
984 1097 1326 1150 quandoquidem
1359 1097 1500 1138 nullus
1533 1096 1700 1138 athleta
1721 1095 1879 1136 Christi

122 1178 309 1217 uereque
332 1165 413 1194 *—
428 1163 662 1219 spiritualis
684 1163 810 1205 homo
834 1163 925 1204 sine
947 1162 1173 1204 sudoribus
1197 1164 1428 1204 coronatur
1443 1162 1535 1203 —’²⁴.
1580 1159 1675 1215 [V]
1709 1160 1878 1202 Addam

124 1232 297 1271 nostras
328 1229 630 1283 profectiones,
664 1242 773 1282 quae
805 1230 973 1282 partem
1007 1227 1274 1269 Testamenti
1307 1227 1500 1280 quintam
1537 1225 1617 1267 sibi
1648 1225 1879 1267 nendicant

125 1297 169 1336 et
209 1293 448 1336 vocationis
490 1296 665 1335 nostrae
701 1293 745 1334 in
777 1292 944 1334 Christo
985 1292 1130 1334 factae
1174 1293 1261 1321 ³⁵——
1291 1292 1531 1346 profectum
1575 1290 1760 1332 fortasse
1787 1290 1877 1319 —ss

125 1359 310 1412 aliquem
343 1359 398 1401 ad
430 1358 497 1400 dei
529 1358 710 1412 gloriam
744 1358 1136 1399 demonstrabunte.
1185 1357 1288 1398 Cum
1322 1371 1377 1398 ex
1408 1355 1634 1409 Moguntia
1660 1354 1877 1396 Coloniam

124 1424 361 1478 redijssem,
396 1423 753 1476 quemadmodum
777 1422 1045 1465 obedientiae
1076 1422 1149 1463 lex
1180 1421 1283 1463 mihi
1304 1420 1645 1476 praescripserat
1657 1418 1676 1470 f,
1710 1419 1879 1472 iamque

126 1489 335 1531 Sacerdos
374 1502 452 1542 per
489 1488 754 1531 Catholicum
786 1487 1046 1541 Episcopum
1087 1486 1309 1529 ordinatus
1351 1487 1540 1535 essem5,
1584 1486 1673 1514 ³⁵——
1696 1485 1878 1539 primum

124 1567 225 1595 uero
250 1553 426 1596 Sacrum
458 1553 501 1594 in
528 1553 739 1595 Coenobio
772 1553 909 1606 apudg
937 1552 1187 1594 Nazareth6
1220 1551 1355 1593 obtuli
1387 1551 1569 1601 domino,
1604 1550 1724 1604 coepi
1751 1563 1879 1602 quos-

125 1618 223 1660 dam
246 1632 268 1660 e
291 1618 450 1660 nostris
482 1618 598 1660 alere
618 1618 710 1648 —ss
724 1618 740 1644 7
772 1618 829 1660 Et
859 1617 1171 1659 habitationem
1195 1631 1289 1658 cum
1310 1616 1395 1658 illis
1416 1616 1575 1657 habere
1598 1628 1877 1656 communem.

243 1774 256 1788 ³
278 1769 346 1813 ipsi
372 1770 468 1803 Mon.
614 1768 628 1787 b
650 1768 792 1812 laquius
819 1769 915 1802 Mon.
1060 1773 1071 1787 ⁶
1098 1768 1295 1810 defugeunt
1322 1768 1423 1807 Soc.;
1449 1766 1664 1808 defugerunt
1690 1766 1786 1798 Mons.

242 1821 256 1841 ‘³
280 1824 352 1855 Ant
377 1825 427 1856 sic
453 1824 633 1865 Zeyemlnm
660 1834 727 1856 esse
752 1823 899 1862 sirletus,
926 1827 987 1854 ant
1014 1832 1138 1861 caeco3
1168 1822 1243 1854 Sor.
1271 1825 1300 1853 ef
1326 1821 1445 1853 Mons
1471 1819 1558 1853 loco.

243 1880 255 1895 e
282 1877 508 1919 Sententiam,
535 1888 623 1920 qnae
647 1878 817 1920 seqnitur,
846 1887 951 1918 nsque
976 1876 1023 1907 ad
1048 1875 1150 1908 ‘cerba
1181 1886 1219 1915 „e
1245 1873 1377 1907 nostris
1403 1873 1516 1906 alere“
1550 1873 1642 1915 [uz-l„
1668 1874 1770 1905 etiam
1797 1872 1881 1904 Sae-

127 1929 250 1962 r‘lez'nets
276 1930 381 1971 affert
407 1941 422 1962 e
449 1928 605 1972 „literisfl
636 1930 773 1962 Canisie?
800 1929 873 1969 (De
897 1930 969 1961 vita
999 1928 1136 1961 Cam'sie'
1164 1939 1202 1970 p.
1231 1927 1402 1966 31—32).
1454 1927 1548 1959 Huic
1583 1930 1695 1958 (cirtem
1732 1925 1879 1957 alteram

125 1984 329 2015 sententiam
357 1994 399 2015 ear
426 1981 756 2025 ,‚Confessz'0m'bns“
784 1983 1024 2025 &promptam
1052 1983 1174 2024 innyit.

246 2033 256 2053 f
280 2036 370 2068 Rad.
399 2046 462 2068 om.
491 2035 787 2079 quemadmodum
817 2046 921 2078 usque
947 2035 994 2067 (ed
1019 2033 1301 2078 praescripserat
1328 2034 1406 2066 incl.

245 2092 258 2111 ’ἑ
280 2088 316 2121 in
342 2088 508 2122 coenobio
534 2087 714 2122 Nazareth
739 2089 831 2121 Harl.

249 2229 258 2248 ¹
284 2227 342 2261 Ps.
373 2228 450 2268 123,
479 2228 508 2262 7.
536 2228 567 2262 8.
713 2227 726 2247 ²
753 2227 805 2262 Cf.
834 2227 961 2261 Matth.
992 2227 1044 2268 19,
1071 2227 1126 2260 27.
1162 2227 1246 2260 Luc.
1274 2227 1305 2266 5,
1334 2225 1388 2259 11.
1423 2225 1503 2258 Act.
1530 2225 1562 2265 4,
1591 2225 1727 2258 32—37
1755 2226 1820 2258 etc.

247 2281 259 2301 ³
288 2281 435 2323 „Melior
470 2282 525 2315 est
561 2280 653 2314 enim
680 2280 880 2314 obedientia
915 2291 1022 2324 quain
1056 2279 1244 2314 victimae“
1278 2279 1312 2323 (1
1340 2278 1428 2321 Reg.
1458 2279 1516 2319 15,
1544 2277 1617 2321 22).
1668 2277 1770 2311 Hanc
1805 2288 1882 2310 sen-

126 2334 276 2368 tentiam
303 2333 336 2368 S.
363 2334 527 2378 Ignatius
553 2336 806 2368 commemorat
832 2336 868 2367 et
893 2333 1039 2378 exponit
1063 2333 1099 2367 in
1125 2332 1257 2376 insigni
1283 2332 1363 2373 illa,
1400 2343 1491 2375 quae
1525 2331 1734 2376 saepissime
1760 2330 1796 2364 in
1823 2330 1884 2363 So-

128 2386 257 2421 cietate
283 2387 365 2421 lesu
389 2387 541 2431 legitur,
577 2387 732 2432 epistula
762 2387 832 2429 „De
859 2387 993 2420 virtute
1020 2386 1296 2426 oboedientiae“,
1332 2385 1386 2419 26.
1414 2384 1537 2418 Martii
1566 2384 1654 2418 1553
1690 2384 1733 2417 ad
1769 2383 1884 2417 socios

126 2439 302 2474 lusitanos
328 2440 430 2481 data3
470 2451 561 2484 quae
587 2452 693 2485 saepe
719 2441 816 2485 typis
843 2440 1023 2484 descripta
1049 2442 1123 2479 est,
1159 2438 1427 2473 accuratissime
1455 2439 1574 2472 autem
1602 2438 1636 2471 in
1667 2436 1814 2478 „Cartas
1841 2436 1883 2470 de

129 2492 199 2527 San
226 2495 370 2536 Iynacio
396 2495 438 2526 de
463 2495 617 2537 Loyow
647 2494 699 2527 HI
728 2493 883 2537 (Madrid
912 2492 1029 2536 1877),
1058 2493 1254 2527 184—206.

247 2548 260 2566 ⁴
288 2546 341 2580 Cf.
370 2546 447 2580 Gal.
476 2548 506 2588 5,
536 2547 588 2581 17.
628 2547 643 2580 1
674 2546 750 2581 Cor.
779 2547 810 2587 9,
837 2546 892 2580 27.

248 2600 260 2617 ⁵
287 2598 450 2633 Canisius
476 2600 674 2634 sacerdotio
700 2599 862 2634 initiatus
889 2611 968 2633 esse
994 2599 1136 2633 videtur
1162 2610 1225 2643 per
1250 2599 1417 2632 Ioannem
1444 2597 1650 2642 Nopelium,
1677 2596 1884 2640 episcopum

130 2664 362 2697 cyrenensem
385 2652 408 2686 i.
427 2664 470 2697 p.‚
498 2654 533 2686 et
558 2653 823 2696 suffraganeum
851 2652 1087 2686 coloniensem
1117 2651 1214 2695 (vide
1238 2652 1341 2692 infra,
1368 2651 1569 2695 epistulam,
1596 2661 1701 2694 quam
1721 2649 1886 2682 Canisius

132 2706 185 2740 10.
213 2705 432 2750 Septembris
461 2706 549 2740 1546
576 2706 620 2740 ad
647 2706 797 2740 eundem
825 2705 949 2749 dedit).

250 2759 262 2778 ⁰
288 2758 327 2791 ln
361 2759 615 2803 manuscriptis
649 2758 809 2793 historiis
845 2758 986 2801 collegii
1013 2758 1225 2792 coloniensis
1264 2757 1323 2801 (ad
1350 2768 1480 2791 annum
1509 2757 1613 2799 1545)
1644 2758 1680 2790 et
1705 2755 1883 2800 gymnasii

131 2811 253 2845 Trium
280 2823 486 2845 coronarum
515 2811 727 2846 coloniensis
755 2811 795 2855 (f.
822 2810 903 2854 211‘)
946 2811 1119 2845 asseritur
1157 2811 1191 2844 in
1228 2810 1379 2844 ecclesia
1405 2810 1538 2843 Beatae
1564 2810 1698 2843 Mariae
1724 2809 1886 2852 Virginis

131 2865 167 2898 in
197 2864 348 2907 „maiore
374 2864 575 2899 Nazareth⁴‘
609 2863 924 2908 (Grossnazareth)
953 2864 986 2897 id
1014 2864 1149 2897 factum
1176 2875 1273 2897 esse:
1300 2863 1555 2897 monasterium
1581 2862 1679 2903 illud,
1705 2862 1741 2895 in
1767 2862 1886 2906 platea

132 2918 165 2952 S.
193 2918 365 2953 Gereonis
400 2918 527 2958 situm,
563 2917 742 2960 virginum
779 2919 855 2951 erat
890 2917 1108 2960 regularium
1143 2916 1276 2950 ordinis
1303 2916 1335 2950 S.
1363 2916 1569 2959 Augustini.
1620 2916 1795 2949 Exstabat
1824 2915 1886 2949 Co-

133 2971 247 3005 loniae
274 2971 380 3005 etiam
408 2972 606 3005 conventus
638 2970 801 3011 „minoris
828 2969 1026 3003 Nazareth“
1059 2968 1367 3013 (lx'leiunazareth)
1384 2997 1391 3009 ‚
1426 2970 1459 3003 in
1486 2969 1606 3014 platea
1632 2968 1792 3003 Sedecim
1829 2969 1885 3001 do-

132 3036 265 3065 muum.
290 3024 479 3058 mulierum
506 3024 638 3058 ordinis
665 3023 884 3064 Cellitarum,
911 3022 1056 3066 regulae
1084 3022 1116 3056 S
1144 3022 1338 3066 Augustini
1366 3021 1549 3066 (Gelenius
1566 3022 1587 3056 l.
1608 3034 1636 3056 c.
1657 3034 1688 3067 p.
1709 3022 1787 3055 559.
1807 3022 1885 3055 560.

134 3077 212 3112 598.
247 3078 337 3111 ΕνΙι.
364 3089 385 3110 α
412 3078 581 3110 Wz'nheim
602 3076 642 3110 O.
664 3076 795 3117 Carth„
823 3076 1026 3110 Sacrarium
1052 3075 1271 3120 Agrippinae
1300 3075 1479 3119 [Coloniae
1508 3075 1611 3119 1736]
1637 3087 1670 3120 p.
1690 3075 1768 3109 201.
1789 3074 1885 3117 212).

253 3131 266 3150 ⁷
292 3129 457 3164 Canisius
484 3130 514 3164 8.
538 3129 625 3164 Maii
645 3129 734 3163 1543
761 3129 833 3163 Deo
860 3130 1020 3169 voverat,
1051 3129 1163 3173 „quod
1190 3140 1252 3173 per
1279 3128 1436 3163 divinam
1463 3129 1615 3172 gratiam
1643 3128 1751 3162 velim
1779 3127 1885 3161 ctiam

134 3195 179 3217 ex
205 3195 298 3217 nunc
323 3183 500 3217 actualem
518 3194 699 3217 assumere
717 3185 975 3227 paupertatem,
1003 3181 1069 3215 nisi
1088 3183 1264 3226 quatenus
1283 3184 1318 3216 et
1336 3182 1504 3226 quamdiu
1522 3181 1753 3226 Praepositus
1772 3180 1887 3214 dictae
