2113 3430
360 217 451 260 Quid
477 217 748 252 Confessionum
775 219 811 251 et
836 216 1056 251 Testamenti
1083 216 1240 262 supersit
1264 228 1334 251 non
1359 216 1539 260 integrum
1568 215 1615 260 (2.
1643 214 1706 259 3.).
1859 219 1912 259 55

152 338 202 378 ut
242 349 310 377 me
349 338 526 387 tamque
572 334 793 376 solennem
835 338 981 377 actum
1022 333 1305 377 sanctissimis
1346 333 1568 388 Apostolis
1617 333 1660 375 in
1701 333 1915 376 Vaticano

153 401 336 455 supplex
369 399 713 441 commendarem
726 401 754 451 1,
798 402 842 442 et
881 399 943 441 illi
983 403 1087 443 tunc
1119 398 1423 453 supplicationi
1456 412 1579 440 meae
1611 412 1802 440 annuere
1835 399 1916 441 visi

153 468 275 516 sunt,
318 467 449 518 atque
485 463 712 506 Pontificia
752 464 1014 507 auctoritate
1056 464 1335 518 comprobare
1375 466 1480 505 vota
1520 477 1638 514 mea,
1682 477 1791 516 quae
1830 463 1916 506 illis

153 530 301 572 ordine
342 529 526 584 primum
569 529 812 572 offerebam.
876 530 973 582 Ago
1015 531 1132 571 certe
1173 528 1338 582 gratias
1379 530 1427 570 ut
1468 528 1627 569 debeoa
1666 543 1743 582 pro
1785 529 1915 571 bene-

153 593 338 638 dictione
371 594 424 636 ab
456 593 541 635 illis
574 597 776 648 accepta,
810 594 1057 636 consolatus
1088 595 1319 646 utcumque
1351 592 1458 646 abij,
1502 593 1615 645 quod
1646 593 1730 634 illis
1762 593 1915 635 faven-

151 659 267 701 tibus
300 659 354 701 ad
385 658 650 700 functionem
681 658 977 713 Apostolicam
1009 660 1297 713 perventurus
1331 671 1462 700 eram.
1527 658 1610 699 Sed
1643 660 1743 700 ante
1776 658 1915 700 altare

152 724 385 767 eorundem
408 723 526 765 Petri
555 726 599 766 et
621 724 744 766 Pauli
776 721 1093 778 apostoloi·um'³
1125 737 1268 776 genua
1299 722 1505 773 flectenti,
1539 722 1671 765 etiam
1702 722 1783 764 hoc
1814 723 1915 765 novi

151 788 340 831 muneris
381 788 590 842 elargitus
632 803 699 840 es,
751 791 798 831 ut
838 792 1008 830 recensc
1049 788 1264 842 Angelum
1301 788 1481 842 jamJ‘am
1522 787 1769 841 professuro
1811 788 1914 830 mihi

153 855 407 909 deputares,
451 868 586 907 eoque
629 857 673 897 et
714 855 819 896 duce
852 857 896 896 et
929 854 1105 896 custode
1141 853 1185 894 in
1217 852 1476 895 sublimioris
1508 852 1626 894 vitae
1658 854 1800 903 statu,
1844 853 1915 906 qui

151 919 451 961 Professorum
492 922 581 970 est,
623 933 691 960 me
723 919 857 960 velles
897 918 1052 961 instrui
1090 921 1134 960 et
1166 917 1374 972 adjuvari.
1439 916 1600 968 Quare,
1644 931 1694 959 eo
1736 920 1915 971 accepto

149 984 239 1038 jam
270 984 391 1027 Velut
424 983 552 1034 socio,
587 984 640 1025 ad
665 983 935 1025 Sanctissimi
958 982 1156 1037 Corporis
1188 982 1252 1024 tui
1279 983 1605 1024 Sacramentum
1637 983 1872 1036 pergebam
1884 983 1914 1033 2,

154 1051 198 1091 et
228 1048 272 1090 in
305 1049 455 1091 eadem
488 1048 573 1090 illic
605 1048 796 1098 basilica,
835 1047 935 1089 novi
968 1047 1125 1101 Angeli
1157 1047 1346 1089 officium
1377 1047 1685 1100 intelligebam.
1731 1047 1916 1090 Jacebat

153 1114 270 1155 humi
302 1114 445 1155 anima
476 1127 573 1156 mea
606 1113 831 1163 deformis,
865 1113 1106 1163 immunda,
1145 1112 1291 1166 pigra,
1325 1112 1557 1165 multisque
1589 1111 1707 1166 vitijs
1740 1115 1784 1154 et
1815 1126 1916 1166 pas-

153 1178 344 1221 sionibus
376 1179 549 1221 infecta.
613 1179 720 1220 Tum
754 1181 930 1221 sanctus
962 1178 1156 1231 Angelus
1189 1178 1243 1219 ad
1275 1177 1495 1219 Thronum
1527 1177 1772 1231 Majestatis
1812 1180 1915 1219 tuae

154 1258 412 1287 conversus.
462 1243 718 1286 ostendebat
765 1245 809 1285 et
855 1243 1113 1285 numerabat
1158 1242 1430 1296 indignitatis
1478 1245 1522 1285 et
1565 1242 1749 1285 vilitatis
1792 1255 1915 1284 meae

154 1308 493 1362 magnitudinem
535 1311 578 1350 et
618 1307 959 1359 multitudinem,
1005 1311 1075 1358 ut,
1122 1322 1251 1360 quam
1291 1307 1465 1361 indigne
1507 1307 1561 1349 ad
1602 1307 1915 1361 professionem

154 1373 424 1423 accederem,
476 1373 591 1415 clare
632 1373 847 1424 viderem,
898 1387 1104 1426 suamque
1144 1372 1217 1414 ille
1258 1372 1381 1426 quasi
1423 1372 1724 1414 difficultatem
1763 1372 1807 1413 in
1848 1386 1915 1414 me

152 1438 445 1491 gubernando,
480 1438 756 1491 ducendoque
787 1438 859 1480 via
890 1441 981 1481 tam
1014 1438 1151 1480 ardua
1183 1440 1227 1480 et
1257 1437 1452 1492 perfecta
1485 1437 1717 1490 allegabat.
1764 1435 1916 1479 Unded

152 1503 217 1544 Tu
256 1503 455 1554 tandem,
496 1503 618 1546 velut
658 1506 810 1557 aperto
851 1503 953 1545 mihi
986 1503 1114 1545 corde
1151 1502 1413 1546 sanctissimi
1444 1502 1642 1556 Corporis
1673 1501 1758 1553 tui,
1803 1502 1916 1555 quod

151 1568 361 1622 inspicere
403 1582 547 1610 coram
579 1568 779 1619 videbar,
822 1583 878 1610 ex
909 1568 1030 1611 fonte
1071 1568 1143 1610 illo
1176 1570 1225 1610 ut
1254 1568 1446 1610 biberem
1476 1567 1665 1621 jussisti,
1708 1567 1914 1618 invitans,

152 1633 318 1676 scilicet
369 1633 429 1675 ad
482 1633 822 1676 hauriendas
874 1648 1044 1687 aquas
1096 1633 1301 1675 salutis
1352 1647 1502 1675 meae
1550 1633 1610 1674 de
1662 1632 1916 1675 fontibus

151 1698 286 1750 tuis,
330 1698 593 1740 Salvator
633 1700 822 1742 meus3.
885 1699 979 1752 Ego
1012 1713 1116 1740 vero
1151 1698 1340 1740 maxime
1382 1697 1629 1752 cupiebam,
1671 1700 1720 1740 ut
1751 1698 1916 1740 fluenta

151 1763 264 1815 fidei,
299 1763 410 1818 spei,
446 1763 642 1806 caritatis
673 1764 717 1805 in
748 1778 817 1806 me
848 1763 946 1805 inde
979 1763 1293 1805 derivarentur.
1359 1763 1565 1805 Sitiebam
1598 1764 1914 1817 paupertatem,

155 1829 416 1879 castitatem,
451 1828 760 1880 obedientiam3
793 1829 933 1871 lavari
955 1843 980 1871 a
1002 1829 1063 1871 Te
1085 1831 1216 1879 totUS,
1251 1831 1295 1870 et
1316 1828 1482 1879 vestiri,
1517 1827 1744 1881 ornarique
1766 1829 1916 1881 postu-

275 1966 287 1980 ³
312 1962 410 2005 Pytle.
439 1973 503 1995 om.
530 1963 570 1995 ut
596 1961 716 1995 debeo.

273 2013 287 2032 b
311 2014 502 2048 eorundem
529 2015 780 2059 Apostolorum
805 2014 905 2048 Petri
931 2017 968 2049 et
992 2014 1095 2048 Pauli
1122 2016 1222 2058 Pyth.

274 2072 284 2086 ⁰
310 2068 411 2111 Pytle.
439 2079 503 2101 om.

273 2119 286 2139 d
314 2122 409 2162 Quae
444 2126 661 2165 sequnntur,
698 2132 807 2165 usque
844 2122 891 2154 ad
928 2123 1027 2155 tuam
1065 2132 1277 2156 successura
1314 2122 1415 2165 inca,
1454 2122 1563 2154 edidit
1597 2123 1701 2154 etiam
1737 2121 1916 2154 ,§'‹·hloss‹›r

156 2175 177 2208 ῑ.
206 2186 232 2207 c.
256 2186 292 2217 J).
320 2177 519 2207 456—457.

274 2300 283 2319 ¹
309 2299 462 2333 Aliunde
489 2301 585 2333 certo
612 2301 754 2333 constat
780 2298 963 2334 Canisium
988 2299 1055 2333 hoc
1081 2299 1157 2344 ipso
1185 2299 1250 2340 die,
1281 2299 1313 2332 4.
1342 2298 1561 2343 Septembris
1591 2298 1692 2338 1549,
1718 2297 1851 2331 Romae
1877 2296 1914 2330 in

153 2351 304 2385 ecclesia
322 2352 456 2386 Beatae
474 2352 609 2386 Mariae
628 2352 789 2396 Virginis
813 2352 873 2394 „de
892 2351 1030 2386 81111111Δι
1064 2352 1159 2386 dicta
1177 2364 1296 2386 coram
1315 2351 1349 2386 S.
1368 2351 1507 2395 Ignatio
1534 2353 1703 2395 quattuor
1728 2350 1917 2384 sollemnia

153 2403 341 2439 Societatis
367 2408 451 2439 vota
476 2405 607 2440 fecisse
635 2405 733 2450 (vide
751 2406 854 2447 infra,
881 2417 1034 2439 monum.
1055 2405 1104 2449 3).
1140 2405 1273 2439 Eodem
1291 2405 1402 2449 igitur
1421 2405 1476 2439 die
1496 2407 1577 2438 ante
1596 2404 1687 2438 hanc
1705 2403 1914 2437 sollemnem

157 2458 450 2502 „professionem‘
481 2458 518 2492 in
544 2458 730 2493 basilicam
756 2459 960 2493 vaticanam
988 2459 1031 2492 ad
1057 2459 1262 2504 sepulcrum
1289 2458 1524 2503 apostolicum
1551 2457 1713 2492 accessit.

272 2511 285 2531 ‘-'
311 2510 399 2545 Cum
425 2512 536 2555 igitur
562 2512 726 2547 Canisius
753 2524 871 2546 coram
898 2512 1003 2546 altari
1038 2512 1246 2557 principali,
1283 2512 1377 2555 quod
1412 2523 1520 2556 super
1554 2513 1681 2555 crypta
1719 2509 1917 2555 apostolica

152 2565 310 2597 erectum
337 2566 410 2604 est,
447 2564 666 2608 aliquamdiu
691 2567 848 2606 orasset,
888 2565 931 2599 ab
959 2565 1081 2599 eodem
1108 2565 1284 2610 processit
1310 2565 1353 2598 ad
1381 2564 1598 2598 adorandum
1625 2575 1753 2608 corpus
1780 2562 1915 2598 Christi

152 2616 449 2656 eucliaristicun1;
475 2617 543 2651 hoc
569 2618 663 2651 enim
681 2638 724 2642 —
745 2618 838 2662 quod
865 2619 973 2652 etiam
999 2630 1093 2652 nunc
1119 2619 1155 2652 in
1182 2618 1343 2652 ecclesiis
1369 2616 1634 2651 cathedralibus
1654 2615 1911 2650 11011ἀο1101-

151 2681 221 2702 non
246 2669 282 2702 in
309 2669 414 2703 altari
439 2669 500 2703 illo
525 2670 714 2715 principali
741 2672 1015 2712 asservabatur,
1050 2671 1112 2705 sed
1148 2671 1182 2704 in
1217 2671 1349 2705 sacello
1385 2670 1502 2714 aliquo
1538 2669 1597 2703 vel
1624 2669 1729 2703 altari
1756 2682 1775 2703 11
1801 2669 1915 2703 latere

151 2722 211 2756 vel
237 2734 257 2756 a
283 2724 386 2766 tergo
413 2723 489 2757 eius
516 2725 711 2758 exstructo
762 2724 867 2758 Riess
893 2725 987 2758 haud
1014 2724 1107 2758 male
1134 2724 1264 2758 vertit:
1308 2723 1446 2765 „Daber
1481 2723 1611 2757 schritt
1643 2722 1701 2757 ich
1729 2750 1735 2756 .
1765 2750 1770 2756 .
1800 2749 1807 2756 .
1834 2733 1914 2756 zum

149 2775 198 2809 hl.
226 2775 455 2810 Sacramente
480 2775 612 2810 Deines
637 2777 954 2812 Frohnleichnams
981 2779 1075 2811 vor.“
1120 2778 1232 2811 Boero
1259 2779 1397 2810 autem:
1430 2776 1498 2818 „Mi
1525 2775 1681 2810 accostai
1708 2787 1727 2809 11
1754 2775 1914 2809 ricevero

150 2828 176 2862 il
201 2831 425 2863 sacramento
452 2829 508 2863 del
531 2831 652 2863 vostro
671 2830 876 2864 santissimo
896 2830 1027 2875 Corpo“
1047 2844 1053 2870 ;
1080 2832 1116 2864 et
1134 2830 1282 2864 Gareia:
1316 2830 1392 2871 „Me
1411 2831 1563 2873 acerque
1582 2831 1602 2863 11
1620 2828 1750 2863 recibir
1767 2830 1914 2863 vuestro

151 2882 376 2915 sacratisimo
402 2884 563 2927 cuerpo.'‘
619 2882 687 2916 Sed
722 2894 838 2917 sermo
872 2883 1005 2917 latinus
1040 2883 1132 2917 hanc
1167 2883 1368 2917 versionem
1403 2893 1629 2926 nequaquam
1655 2882 1834 2927 postulat:
1873 2893 1914 2915 110

152 2934 293 2969 Canisio
319 2935 386 2969 hoc
413 2935 468 2969 die
495 2935 529 2968 in
556 2936 778 2980 professione
812 2936 891 2981 ipsa
918 2936 1050 2971 Christi
1086 2948 1213 2980 corpus
1250 2948 1267 2969 0
1302 2947 1409 2969 manu
1436 2935 1469 2970 S.
1497 2935 1629 2979 ignatii
1668 2935 1913 2979 accipiendum

151 2989 248 3027 erat;
274 2988 309 3022 id
336 2988 429 3022 enim
455 2988 689 3033 professionis
715 2989 806 3023 ritus
832 2989 997 3023 habebat.
1050 2990 1102 3022 Cf.
1130 2989 1233 3030 infra,
1261 3000 1414 3023 monum.
1441 2990 1472 3023 3.

271 3041 284 3061 ³
310 3040 353 3075 Is.
384 3041 446 3082 12,
474 3042 514 3075 3:
556 3040 758 3083 ,Ham-iotis
785 3053 896 3086 aquas
923 3042 957 3075 in
984 3042 1114 3085 gaudio
1141 3042 1183 3075 de
1210 3041 1368 3075 fontibus
1403 3041 1625 3075 salvatorisf
1680 3040 1777 3082 Quae
1804 3040 1915 3074 verba

151 3093 227 3137 ipsa
255 3093 363 3128 etiam
390 3094 541 3128 ecclesia
568 3095 718 3128 inseruit
742 3095 873 3129 missac
899 3095 1118 3129 sanctissimi
1145 3095 1260 3129 cordis
1288 3095 1367 3129 Iesu
1406 3095 1531 3139 (missa
1562 3094 1842 3137 „Miserebiturz
1879 3093 1913 3126 in

152 3146 321 3190 epistula)
360 3149 396 3181 et
431 3148 588 3181 eiusdem
624 3147 739 3182 officio
775 3148 944 3182 canonico
983 3148 1033 3192 (in
1069 3148 1221 3182 lectione
1256 3148 1370 3193 prima
1404 3147 1568 3183 nocturni
1594 3147 1718 3193 primi,
1758 3146 1914 3191 capitulo

152 3198 306 3241 laudum,
335 3200 512 3234 versiculo
539 3203 574 3234 et
601 3202 825 3245 responsorio
852 3213 1083 3246 vesperarum
1111 3199 1376 3245 secundarum).
