2113 3430
240 207 317 241 155.
355 205 448 240 Socii
475 205 619 250 quidam
646 206 782 240 romani
809 206 961 241 Canisio.
1002 205 1073 240 Sub
1099 206 1254 240 medium
1280 217 1439 240 mensem
1465 205 1594 240 Iulium
1624 207 1726 241 1554.
1785 210 1867 250 481

108 339 189 379 que
228 325 416 380 perdunt
456 324 730 378 reliquias
770 324 878 367 istas
939 324 1227 373 Israelis1,
1272 339 1321 366 eo
1363 325 1502 378 magis
1540 325 1583 366 in
1620 325 1741 379 peius
1772 340 1873 379 pro-

106 389 255 432 ficiunt
295 389 418 440 mali,
460 403 584 431 sacra
616 389 739 431 nobis
780 389 923 431 omnia
967 389 1285 439 contaminant,
1329 390 1541 440 breviter,
1587 391 1699 443 quod
1739 390 1872 441 lubet,

106 454 186 497 1100
233 454 335 497 licet
383 454 569 496 credere.
644 454 843 496 Pluribus
894 453 1082 495 fortasse
1130 468 1257 506 quam
1304 469 1410 508 opus
1453 457 1571 505 erat,
1625 455 1731 497 haec
1774 469 1873 509 per-

107 534 275 573 sequor,
305 519 380 560 sed
412 519 694 561 monstranda
727 521 795 561 est
826 520 1073 560 nostrorum
1105 519 1320 560 hominum
1356 520 1620 573 deploranda
1652 519 1872 573 segnities,

106 584 373 637 negligentia
412 583 719 634 intolerabilis,
763 586 806 626 et
847 585 914 625 tot
953 582 1132 624 millium
1175 583 1437 634 animarum,
1482 597 1592 636 quae
1632 583 1731 625 111110
1771 585 1871 626 sub-

106 648 318 702 sequitur,
352 648 550 703 perditio.
615 648 774 690 Videat
804 647 951 701 igitur,
987 650 1030 689 et
1061 647 1105 688 in
1136 648 1323 689 medium
1356 662 1523 701 quoque
1556 649 1753 691 consulat
1785 649 1871 691 Re-

106 714 303 756 verentia
334 716 423 764 tua,
458 713 557 767 quid
589 728 667 755 nos
700 713 809 755 citra
841 711 1075 753 subsidium
1099 713 1433 766 magistratuum
1465 713 1507 754 111
1540 716 1665 755 tanta
1697 713 1872 756 licentia

106 779 257 821 deceat
279 792 422 832 agere,
447 793 529 831 quo
552 781 680 832 pacto
703 778 807 820 item
829 776 1083 831 praecaveri
1106 780 1236 830 queat
1259 781 1455 820 extrema
1476 777 1715 831 Religionis
1739 779 1870 820 deva-

105 843 251 893 statio,
286 857 395 896 quae
427 842 510 897 hijs
534 841 633 897 [sic]
666 842 861 884 imminet
886 841 1129 895 provintijs.
1173 842 1380 883 Dominus
1404 842 1566 884 IESVS
1596 842 1869 884 Germaniam

104 909 172 950 tot
188 908 325 949 modis
344 907 552 949 afflictam
574 906 778 960 respiciat
800 906 988 956 tandem,
1008 908 1183 948 avertat
1204 906 1562 957 maledictionem,
1584 909 1628 948 et
1648 906 1872 960 impertiat-

104 972 446 1016 benedictionem
478 976 570 1015 tum
603 971 791 1014 seductis
822 973 915 1013 tum
947 970 1246 1012 seductoribus
1277 971 1385 1021 istis,
1421 971 1607 1026 accipiat
1638 986 1714 1025 pro
1747 971 1871 1013 nobis

105 1040 253 1080 vestra
286 1037 491 1080 sacrifitia
523 1040 568 1079 et
589 1039 755 1091 spectet
779 1035 991 1078 desideria
1023 1038 1188 1087 sancta,
1223 1036 1547 1090 communiaque
1571 1036 1725 1079 merita
1758 1037 1869 1078 0100-

104 1105 248 1144 torum
281 1102 480 1145 omnium.
525 1102 658 1145 Orate
689 1115 766 1156 pro
799 1100 920 1142 nobis
943 1100 1185 1151 Dominum,
1221 1104 1263 1143 et
1296 1101 1456 1143 fratres
1487 1101 1529 1143 in
1553 1101 1720 1144 Christo
1753 1102 1869 1143 salu-

106 1169 254 1209 tentur
285 1181 413 1220 quam
446 1166 753 1209 amantissime.
817 1165 1011 1208 Viennae
1045 1167 1083 1208 7.
1117 1164 1220 1219 Julij
1255 1180 1366 1207 311110
1404 1167 1528 1209 1554.

840 1242 999 1284 Servus
1030 1241 1073 1282 in
1106 1241 1275 1283 Christo
1307 1241 1508 1295 indignus
1540 1242 1747 1285 Canisius.

225 1326 252 1378 ’Τ
290 1324 544 1367 Reverendo
585 1323 627 1365 in
669 1323 836 1366 Christo
877 1323 1013 1378 patri,
1056 1324 1112 1366 M.
1153 1324 1303 1366 Ioanni
1334 1324 1522 1366 Polanco
1566 1325 1618 1367 de
1660 1325 1868 1367 societ-ate

106 1391 247 1433 JESV
278 1390 496 1443 Theologo
529 1389 748 1442 singulari.
812 1389 989 1431 Romae.

922 1516 1043 1558 155.

566 1608 765 1651 §0011
798 1607 1085 1664 QUIDAM
1116 1608 1404 1652 ROMANI

847 1698 1119 1746 CANISIO.

558 1799 670 1836 Roma
697 1800 762 1837 sub
788 1800 943 1836 medium
970 1811 1127 1837 mensem
1154 1801 1285 1837 Iulium
1312 1801 1407 1837 1554.

224 1881 278 1914 Ex
306 1882 491 1925 Sacchino,
517 1880 569 1914 De
596 1882 673 1915 vita
700 1881 832 1916 Canisii
859 1893 892 1926 p.
920 1881 1069 1916 89—90.

222 1965 400 2002 Canisins
440 1966 587 2002 ineunte
621 1964 735 2002 Innio
765 1967 937 2013 priorem
969 1970 1123 2014 partem
1161 1966 1373 2002 catechismi
1411 1967 1471 2002 sm'
1508 1966 1666 2002 Romam
1709 1968 1862 2003 miserat

105 2025 435 2073 iweyt}oscemlam
465 2029 497 2060 et
525 2025 799 2073 co)·re'[sendam.
841 2025 1104 2073 „Ii'espondere
1124 2025 1290 2062 Romani
1309 2025 1443 2061 Pulses
1467 2038 1539 2074 res,
1568 2026 1863 2073 (le'spose'tmmm,

102 2083 353 2131 elocutionem,
385 2084 582 2129 indiviam,
612 2085 771 2132 deniqne
801 2089 931 2121 cuneta
955 2084 1065 2133 plene
1089 2084 1314 2132 probantes:
1342 2085 1514 2131 (alfetisse
1543 2087 1576 2121 m·
1598 2087 1635 2121 in
1656 2085 1780 2121 labore
1801 2085 1861 2122 illo

94 2144 308 2191 propitium
338 2143 474 2191 Deum,
506 2147 539 2178 ct
570 2143 663 2179 idem
688 2143 855 2191 placeret
877 2145 1043 2193 pariter,
1072 2156 1115 2180 ac
1136 2145 1366 2192 prodesset.“
1389 2145 1401 2164 ²

218 2228 273 2262 Ex
300 2228 453 2273 epistula
482 2228 629 2270 Canisii,
659 2229 712 2263 16.
739 2229 895 2273 Augusti
925 2230 1014 2264 1554
1040 2230 1083 2263 ad
1111 2230 1305 2264 Polancum
1333 2230 1435 2270 data,
1475 2232 1571 2264 certo
1598 2232 1739 2264 constat
1766 2233 1858 2264 cate-

100 2281 275 2315 chismum
302 2282 435 2316 Romae
470 2282 694 2326 recognitum
730 2294 808 2317 esse
844 2294 864 2317 a
890 2282 929 2317 P.
957 2282 1100 2317 Andrea
1125 2283 1270 2324 Frusio,
1304 2285 1442 2317 rectore
1478 2283 1619 2326 collegii
1653 2283 1859 2327 germanici,

100 2337 136 2368 et
169 2335 209 2369 P.
245 2335 399 2369 Martino
433 2335 579 2376 Olavio,
619 2335 762 2379 collegii
798 2337 934 2370 romani
972 2338 1110 2370 rectore
1146 2338 1182 2370 et
1218 2336 1421 2380 theologiae
1460 2337 1672 2381 professore.
1724 2336 1858 2370 Eadem

100 2387 254 2432 epistula
280 2388 581 2422 verisimillimum
608 2389 770 2423 redditur
797 2389 991 2423 Polancum
1029 2401 1168 2434 quoque
1205 2392 1241 2424 et
1266 2390 1433 2424 Iacobum
1460 2390 1641 2431 Lainium,
1679 2390 1738 2433 qui
1773 2392 1858 2424 tunc

99 2452 162 2485 per
196 2441 338 2475 Italiam
373 2442 568 2486 praepositi
604 2442 834 2487 provincialis
868 2455 997 2477 munus
1034 2444 1200 2486 gerebat,
1237 2455 1321 2477 suas
1357 2443 1537 2477 addidisse
1574 2454 1755 2477 censuras.
1806 2444 1858 2477 Ac

100 2494 262 2528 Lainium
296 2494 331 2528 id
367 2495 592 2539 praestitisse
626 2497 763 2530 certum
796 2496 957 2530 redditur
994 2497 1166 2541 epistula,
1204 2508 1310 2540 quam
1337 2496 1500 2531 Canisius
1537 2497 1680 2530 ineunte
1707 2509 1736 2530 3.
1768 2497 1856 2530 1557

100 2547 143 2581 ad
171 2559 249 2580 eum
277 2547 374 2581 dedit
389 2548 411 2582 ³.
462 2549 581 2592 Atque
606 2549 670 2583 hos
706 2551 875 2593 quattuor
912 2550 1123 2593 singillatim
1152 2550 1294 2584 Canisio
1328 2551 1516 2595 scripsisse
1554 2550 1675 2584 eadem
1703 2550 1857 2594 epistula

100 2600 331 2634 demonstrat.
368 2599 562 2635 Sacchinus
580 2602 726 2636 Polanci
745 2603 935 2647 epistulam
954 2603 1114 2648 proxime
1133 2606 1279 2637 secutus
1298 2615 1376 2637 esse
1396 2604 1547 2641 videtur,
1575 2615 1681 2647 quam
1703 2604 1856 2637 fortasse

99 2653 133 2686 in
161 2653 318 2687 eiusdem
345 2653 579 2698 epistularum
605 2656 759 2698 registro
794 2656 990 2690 invenerat.
1043 2656 1189 2697 Quando
1216 2659 1335 2690 autem
1363 2657 1537 2701 epistulae
1574 2668 1758 2690 censorum
1788 2669 1855 2691 una

99 2717 178 2740 cum
209 2707 286 2751 ipso
314 2706 531 2741 catechismo
557 2708 732 2742 Viennam
758 2709 890 2743 missae
917 2709 1006 2750 sint,
1034 2709 1164 2743 litteris
1191 2710 1409 2744 ostenditur.
1437 2721 1527 2753 quae
1554 2709 1665 2743 1101113
1696 2710 1748 2743 19.
1779 2709 1855 2743 [ulii

100 2760 191 2793 15:34
217 2759 347 2803 Ignatii
374 2761 514 2794 nomine
540 2760 715 2795 Viennam
742 2762 873 2796 missae
908 2764 992 2796 sunt
1026 2763 1069 2796 ad
1096 2763 1287 2796 Matthiam
1304 2764 1315 2783 ⁴
1355 2763 1397 2796 de
1424 2763 1551 2803 Taxis,
1588 2762 1801 2796 Ferdinandi
1828 2763 1853 2796 Ι.

220 2873 228 2891 ¹
256 2871 276 2904 2
304 2871 385 2905 Par.
414 2871 467 2912 34,
496 2872 526 2905 9.
554 2871 608 2905 21.
660 2871 766 2906 Mich.
796 2872 829 2907 2.
860 2872 901 2905 12
928 2875 994 2906 etc.

217 2924 230 2944 ‘⁸'
255 2926 425 2958 Attamen
452 2924 603 2969 paucula
641 2924 769 2958 saltem
805 2936 823 2958 a
852 2925 1057 2959 censoribus
1084 2927 1206 2959 notata
1234 2936 1311 2959 esse
1343 2936 1386 2957 ex
1413 2924 1524 2969 ipsius
1552 2924 1683 2959 03111511
1711 2918 1852 2968 litteris,

97 2988 186 3021 quas
212 2977 439 3018 subiciemus,
467 2980 626 3021 apparet.

217 3030 229 3050 ³
256 3030 420 3065 Canisius
446 3031 481 3064 in
508 3030 575 3064 hac
601 3030 785 3075 *epistula
814 3031 937 3074 (quam
963 3031 998 3064 in
1025 3031 1180 3065 secundo
1202 3031 1381 3064 volumine
1400 3032 1543 3075 ponam)
1574 3031 1616 3065 de
1635 3032 1851 3067 catechismo

98 3083 165 3117 hoc
190 3083 369 3117 scribens:
401 3084 457 3125 „lo
484 3083 529 3117 mi
558 3083 728 3124 ricordo‚“
756 3083 881 3127 inquit,
913 3084 1058 3125 ,adesso
1085 3084 1176 3117 delle
1204 3096 1353 3118 censure
1380 3085 1412 3117 (li
1441 3083 1482 3118 V.
1511 3085 1570 3118 R.“

217 3137 229 3156 4
255 3135 333 3170 Non
365 3137 626 3178 „Matthaeunff
658 3148 721 3170 nec
753 3137 998 3178 7,11113113011111“.
1053 3137 1246 3179 „Matthias
1273 3138 1315 3171 dc
1342 3137 1469 3174 Taxis.
1498 3138 1760 3172 veredariorum
1789 3152 1850 3173 seu

98 3190 281 3233 postarum
306 3190 522 3232 inagister“:
562 3191 732 3223 Nicolaas
758 3191 989 3224 Mamercinus
1014 3191 1048 3224 in
1080 3191 1272 3235 ‚Catalogo
1308 3191 1464 3224 familiae
1499 3191 1610 3225 totius
1637 3192 1738 3226 aulae
1766 3192 1849 3226 Cae-

168 3253 473 3285 Braunsberger,
494 3255 603 3279 Cauisii
623 3254 779 3285 Epistulae
799 3256 827 3279 et
848 3256 930 3280 Acta.
959 3256 980 3280 Ι.
1532 3252 1573 3283 31
