2113 3430
400 208 432 243 2.
466 206 520 241 De
547 206 681 242 Canisii
706 205 871 252 epistulis
897 207 934 240 et
958 205 1001 240 de
1026 205 1163 240 ratione
1188 205 1225 240 in
1250 204 1294 240 iis
1321 205 1467 239 edendis
1492 206 1648 239 servata.
1794 218 1910 246 XXIX

147 325 252 376 jugis
280 324 430 363 lecti0.“
454 326 465 347 ¹
501 324 589 362 Duo
617 326 750 361 tamen
777 323 841 361 hic
863 322 993 361 notari
1013 336 1110 373 opus
1131 326 1202 361 est.
1240 322 1431 360 Primum:
1463 321 1643 360 Oanisius
1665 333 1782 371 saepe
1801 322 1909 359 locos

150 385 375 435 Scripturae
402 382 624 421 memoriter
651 385 803 420 tantum
831 381 1030 432 producit;
1061 382 1162 431 quod
1190 381 1308 419 etiam
1337 380 1486 419 sanctis
1517 380 1706 418 ecclesiae
1732 380 1909 430 patribus

150 445 333 493 frequens
371 445 466 481 erat.
523 442 763 480 Secundum:
804 441 978 490 Vulgata
1016 453 1154 479 sacrae
1183 440 1408 490 Scripturae
1446 439 1586 486 editio,
1625 452 1738 488 quam
1778 439 1911 477 dicunt

155 502 278 551 „Sixti
306 501 394 547 V.“‚
424 514 526 539 anno
558 501 659 538 1590
688 500 728 538 in
755 500 881 538 lucem
911 499 1074 546 emissa,
1115 499 1184 537 sed
1210 499 1321 537 brevi
1350 502 1439 548 post
1470 501 1688 536 retractata
1718 501 1797 541 est;
1827 498 1909 536 Gle-

150 575 260 600 mens
287 561 398 599 VIII.
427 563 557 598 autem
582 560 794 608 Vulgatam
825 572 926 597 anno
958 559 1059 596 1592
1088 558 1254 608 primum
1283 557 1423 604 edidit,
1463 557 1575 595 annis
1607 559 1707 595 1593
1738 560 1777 595 et
1808 557 1910 595 1598

151 634 174 659 a
201 619 352 658 mendis
380 619 622 669 repurgavit,
652 618 710 656 sic
740 618 891 656 demum
919 620 1171 668 repurgatam
1201 617 1400 667 exemplar
1433 629 1478 654 ac
1506 620 1642 666 typum
1672 629 1759 654 esse
1787 616 1912 654 voluit

151 679 319 718 omnium
348 678 560 717 editionum
587 678 818 716 futurarum.
873 677 966 716 Ideo
993 677 1131 714 mirum
1167 689 1255 714 esse
1292 689 1370 714 non
1402 679 1534 726 potest
1571 675 1768 713 Canisium
1798 675 1911 713 annis

153 739 413 776 1541-1597
455 737 691 775 scribentem
733 750 755 775 a
792 736 956 785 vulgata
996 738 1133 774 nostra
1173 735 1343 773 editione
1383 747 1671 783 nonnumquam
1711 734 1911 784 paululum

151 797 377 847 discrepare
407 796 525 835 etiam
553 796 602 834 iis
631 796 742 842 locis,
772 795 911 844 quibus
942 794 1183 844 Scripturam
1212 794 1261 832 ad
1288 795 1450 832 verbum
1480 793 1698 832 describere
1727 792 1823 831 vult.

268 884 433 919 Editores
469 885 613 919 nostrae
648 882 778 917 aetatis
815 883 996 916 vexantur
1032 881 1100 916 hac
1138 881 1369 925 quaestione:
1413 880 1593 922 Quomodo
1631 879 1710 924 ipsa
1746 881 1910 913 veterum

150 938 365 983 scriptorum
389 936 499 971 verba
524 935 714 971 tractanda
739 935 830 976 sint,
865 934 925 969 vel
951 935 1125 979 quomodo
1151 934 1340 969 scribenda
1366 935 1402 968 et
1426 933 1743 978 interpungenda‘?
1782 931 1911 966 Omnia

155 991 435 1034 „modernizare“
475 1011 518 1015 —
553 989 661 1024 liceat
694 988 781 1022 mihi
815 988 867 1022 ita
902 988 1019 1022 dicere
1051 1008 1097 1011 —
1131 988 1203 1021 iam
1238 999 1386 1022 exosum
1422 989 1487 1021 est.
1539 987 1676 1021 Cuncta
1710 997 1815 1027 vero,
1851 985 1912 1020 vel

150 1045 316 1086 minima,
352 1044 396 1078 ad
422 1043 594 1078 amussim
620 1042 757 1076 intacta
782 1041 1003 1085 relinquere,
1039 1040 1160 1085 qualia
1184 1041 1222 1074 in
1246 1040 1334 1086 ipsis
1360 1042 1524 1074 veterum
1549 1039 1695 1084 scriptis
1721 1038 1910 1080 habentur,

150 1097 200 1132 nil
227 1097 367 1132 omnino
392 1096 573 1136 mutando,
599 1094 770 1136 addendo,
801 1093 1015 1134 omittendo,
1044 1093 1151 1128 nimis
1176 1093 1308 1128 servile
1334 1093 1428 1128 foret
1453 1093 1631 1137 nimisque
1657 1091 1850 1126 molestum
1876 1093 1912 1125 et

150 1150 354 1194 legentibus
385 1151 422 1184 et
455 1149 520 1190 iis,
555 1148 615 1192 qui
641 1159 729 1193 opus
755 1147 852 1192 typis
879 1146 1080 1181 describere
1106 1146 1247 1181 debent.
1298 1146 1335 1181 Si
1361 1145 1440 1191 quis
1467 1148 1587 1180 autem
1612 1144 1912 1191 palaeographiae

151 1204 269 1239 studio
295 1203 424 1237 ductus
449 1202 539 1236 haec
565 1200 682 1235 omnia
708 1200 830 1234 videre
856 1199 986 1241 vellet,
1023 1199 1180 1234 codicem
1206 1200 1322 1244 ipsum
1348 1199 1408 1233 vel
1433 1198 1732 1244 photographiam
1759 1199 1836 1232 eius
1860 1198 1911 1231 in-

150 1257 288 1302 spicere
325 1257 458 1301 posset.
521 1253 805 1297 „Normalizare“
846 1251 959 1296 igitur
997 1252 1192 1287 editoribus
1232 1253 1348 1287 nostri
1385 1252 1466 1287 aevi
1503 1252 1644 1297 placet,
1686 1252 1763 1286 sive
1801 1251 1912 1286 verba

150 1310 345 1345 secundum
371 1310 506 1343 certam
532 1318 693 1341 normam
719 1307 920 1349 castigare,
947 1317 1015 1350 quo
1042 1306 1260 1340 commodius
1287 1306 1359 1350 legi
1385 1306 1533 1351 possint.
1584 1306 1704 1349 Atque
1729 1306 1823 1344 sunt,
1851 1305 1912 1349 qui

152 1364 340 1408 exoptent,
374 1363 415 1395 ut
440 1373 503 1406 pro
528 1372 598 1394 uno
623 1360 751 1394 saltem
778 1359 922 1394 saeculo
949 1361 986 1393 et
1010 1371 1073 1404 pro
1098 1359 1205 1393 unius
1236 1359 1381 1403 linguae
1406 1358 1466 1393 vel
1491 1358 1646 1393 nationis
1671 1358 1816 1403 scriptis
1841 1369 1912 1392 una

151 1416 272 1460 aliqua
297 1427 338 1450 ac
360 1414 462 1449 firma
481 1413 655 1448 eiusmodi
681 1413 835 1447 exsistat
859 1423 993 1446 norma.
1035 1412 1085 1446 At
1110 1423 1236 1456 reapse
1267 1423 1351 1447 suas
1376 1412 1539 1457 proprias
1565 1412 1632 1446 sibi
1658 1411 1788 1445 statuit
1811 1410 1912 1454 leges

155 1469 380 1512 „institutum
406 1467 637 1501 historicum“
666 1466 768 1510 regni
795 1466 980 1506 borussici,
1008 1465 1100 1509 quod
1126 1465 1260 1499 Romae
1286 1465 1415 1499 studiis
1441 1466 1619 1510 operatur,
1644 1465 1801 1508 itemque
1827 1475 1913 1498 suas

150 1522 217 1557 sibi
243 1521 476 1556 condiderunt
501 1519 703 1561 Austriaci,
739 1519 799 1563 qui
824 1519 954 1553 ibidem
982 1518 1098 1553 simile
1124 1519 1348 1553 constituunt
1378 1518 1646 1561 „institutun1“;
1685 1529 1771 1552 suas
1796 1517 1912 1551 tulere

149 1575 524 1618 IVurtembergenses,
551 1573 641 1607 alias
666 1572 829 1606 historici
855 1572 1027 1615 germani,
1047 1571 1108 1616 qui
1128 1583 1158 1606 a.
1181 1572 1269 1606 1895
1288 1571 1564 1605 Francofurtum
1583 1571 1628 1605 ad
1645 1571 1814 1604 Moenum
1833 1582 1912 1604 con-

150 1629 334 1663 venerant.
368 1627 488 1671 Atque
515 1626 623 1661 etiam
646 1625 840 1670 scriptores
857 1625 1093 1670 particulares
1110 1637 1180 1659 non
1197 1625 1302 1670 pauci
1320 1636 1423 1659 suam
1442 1625 1509 1659 sibi
1527 1626 1733 1658 statuerunt
1750 1635 1912 1657 normam

150 1692 299 1725 eamque
324 1681 361 1714 in
386 1679 608 1725 praefatione
633 1678 714 1713 libri
740 1679 796 1712 sui
824 1680 1068 1723 exposuerunt
1083 1678 1106 1713 2.

268 1739 425 1782 Quorum
451 1738 656 1783 exemplum
682 1737 788 1772 huius
814 1748 954 1782 quoque
980 1737 1097 1782 operis
1125 1737 1238 1771 editor
1264 1737 1438 1781 sequitur.
1474 1735 1590 1781 Caput
1616 1736 1648 1770 ei
1674 1736 1742 1770 erit
1766 1737 1912 1770 vetusta

150 1793 285 1839 scripta
317 1804 389 1826 non
423 1791 601 1835 corrigere
635 1802 750 1835 neque
785 1792 944 1831 mutare,
979 1790 1049 1824 nisi
1083 1802 1164 1824 cum
1197 1790 1289 1824 ratio
1324 1790 1402 1835 ipsa
1437 1792 1500 1824 aut
1533 1789 1622 1834 preli
1658 1787 1912 1834 typographici

149 1846 286 1881 indoles
320 1846 356 1880 id
390 1844 655 1890 postulaverint
665 1857 673 1885 ;
712 1846 833 1878 cetera
868 1843 1033 1888 prudenti
1067 1843 1193 1878 lectori
1228 1843 1355 1877 offerre
1389 1843 1497 1884 talia,
1534 1842 1654 1887 qualia
1688 1842 1757 1887 ipsi
1792 1841 1912 1876 oblata.

152 1901 246 1934 sunt.
297 1899 424 1942 Itaque

269 1951 304 1995 a)
333 1950 592 1986 Enodabuntur
617 1951 653 1984 et
679 1949 856 1984 communi
882 1950 985 1984 modo
1020 1949 1222 1983 scribentur
1256 1949 1447 1983 verborum
1473 1948 1568 1992 sigla
1597 1949 1677 1982 sive
1703 1947 1911 1992 compendia

150 2005 212 2040 illa
238 2004 450 2047 difficiliora,
477 2015 568 2048 quae
593 2003 804 2048 plerumque
829 2002 933 2037 lineis
958 2002 1036 2037 sive
1062 2002 1171 2036 rectis
1197 2002 1275 2036 sive
1293 2001 1414 2036 curvis
1433 2001 1596 2036 confecta
1614 2003 1708 2042 sunt,
1734 2013 1768 2035 v.
1789 2012 1822 2044 g.
1847 2002 1907 2044 ⁷.q“

151 2070 232 2093 cum
256 2057 388 2092 lineola
412 2057 589 2091 subducta
614 2067 678 2101 pro
708 2056 854 2100 ,quae“,
893 2056 972 2099 „q3“
1002 2067 1064 2100 pro
1095 2056 1202 2099 „que“
1233 2054 1292 2089 vel
1323 2056 1484 2099 „quam“,
1526 2054 1636 2097 ⁷‚mia“
1674 2066 1754 2088 cum
1780 2053 1912 2087 lineola

151 2112 369 2157 superducta
394 2122 457 2156 pro
488 2108 787 2153 „misericordia“.
823 2108 1045 2154 Simpliciora
1064 2110 1184 2142 autem
1202 2108 1295 2151 sigla
1313 2108 1391 2142 sive
1408 2108 1444 2142 in
1463 2108 1592 2152 quibus
1610 2107 1753 2141 litterae
1770 2108 1912 2141 tantum

150 2165 288 2209 aliquot
313 2163 467 2198 omissae
492 2164 595 2204 sunt,
622 2162 784 2207 apposito
810 2164 962 2206 puncto,
988 2161 1255 2205 relinquentur,
1294 2173 1328 2195 v.
1356 2172 1389 2205 g.
1422 2160 1659 2203 „Reverendf‘
1693 2160 1749 2194 vel
1780 2160 1908 2202 „Revf

149 2230 213 2264 pro
244 2217 513 2261 „Reverendus“
530 2230 538 2257 ;
564 2217 723 2250 attamen
749 2215 974 2259 frequentius
1001 2215 1263 2249 occurrentium
1284 2214 1456 2248 eiusmodi
1474 2213 1646 2258 siglorum
1666 2213 1773 2247 index
1791 2213 1912 2258 alpha-

150 2272 289 2306 beticus
315 2272 354 2305 et
379 2269 572 2315 explicatio
597 2268 635 2303 in
660 2268 760 2303 initio
786 2268 1011 2312 singulorum
1036 2267 1259 2302 voluminum
1284 2269 1470 2312 ponentur.

268 2323 306 2368 b)
345 2323 567 2358 Omittentur
603 2321 804 2366 generatim
842 2321 963 2366 apices
999 2322 1035 2356 et
1072 2323 1205 2366 puncta
1241 2322 1277 2355 et
1311 2321 1415 2364 signa
1449 2320 1598 2362 similia,
1637 2331 1745 2364 super
1782 2319 1913 2353 litteris

151 2377 334 2418 collocata,
360 2389 395 2411 v.
414 2388 448 2420 g.
473 2376 633 2420 „quam“‚
664 2375 790 2418 „sind“,
821 2375 976 2417 „nunc“;
1003 2386 1067 2419 pro
1093 2373 1297 2417 germanico
1321 2373 1378 2416 „3⁴
1408 2376 1561 2418 ponetur
1589 2374 1687 2415 „ss“;
1715 2384 1756 2406 ea
1782 2374 1912 2413 autem,

151 2442 242 2475 quae
267 2430 385 2475 ipsum
411 2440 609 2464 sermonem
638 2428 760 2462 eiusve
787 2439 901 2472 genus
936 2427 1014 2462 sive
1050 2427 1243 2462 dialectum
1278 2426 1469 2461 manifeste
1506 2428 1541 2460 et
1575 2426 1677 2470 quasi
1711 2425 1913 2460 necessario

151 2485 327 2528 spectant,
353 2482 610 2526 relinquentur,
638 2493 671 2516 v.
699 2492 733 2525 g.
764 2480 883 2525 „gfitffl
914 2480 1068 2525 „parlo“.

270 2535 303 2579 c)
333 2535 422 2570 Cum
447 2534 586 2580 patebit
619 2533 831 2579 scriptorem
858 2533 995 2578 ipsum,
1031 2533 1061 2568 si
1087 2533 1193 2578 paulo
1219 2532 1392 2567 attentius
1418 2532 1624 2577 scripsisset
1651 2533 1712 2566 aut
1738 2531 1913 2576 scriptum

152 2588 359 2632 relegisset,
384 2587 496 2622 fuisse
521 2587 588 2622 hoc
614 2588 756 2631 signum
782 2586 1082 2632 interpunctionis
1107 2585 1325 2631 positurum,
1353 2598 1382 2619 e.
1410 2598 1444 2629 g.
1470 2588 1643 2630 punctum
1669 2585 1705 2618 in
1730 2584 1819 2625 fine,
1846 2584 1913 2619 hoc

152 2641 367 2676 vocabulum
391 2641 443 2675 ita
467 2641 704 2685 scripturum,
732 2642 994 2681 correcturum,
1021 2639 1301 2684 completurum,
1329 2639 1551 2673 additurum:
1578 2637 1646 2672 hac
1672 2638 1750 2683 ipsa
1776 2637 1913 2672 ratione

152 2695 326 2740 scriptum
363 2693 439 2728 eius
477 2693 675 2737 corrigetur
686 2707 693 2734 ;
741 2695 900 2727 attamen
939 2704 1029 2737 quae
1067 2694 1192 2727 auctor
1228 2692 1305 2737 ipse
1343 2691 1507 2736 scripsit,
1550 2691 1585 2725 in
1623 2691 1913 2725 adnotationibus

152 2748 286 2783 criticis
312 2749 572 2792 proponentur,
608 2747 644 2780 et
667 2745 810 2780 litterae
842 2746 1000 2780 verbave
1034 2746 1201 2791 suppleta
1235 2745 1369 2779 uncis
1405 2745 1662 2789 quadratis
1696 2755 1838 2789 semper
1862 2744 1912 2778 in-

273 2870 282 2890 ¹
309 2869 347 2903 B.
376 2868 475 2902 Petri
502 2867 636 2902 Canisii
663 2867 929 2902 exhortationes
956 2867 1182 2908 domesticae,
1210 2866 1262 2900 ed.
1295 2868 1419 2910 Geory.
1444 2867 1625 2901 Schlosser
1647 2866 1681 2900 S.
1701 2866 1732 2900 J.
1763 2865 1913 2909 (Rurae-

151 2922 304 2957 mundae
332 2921 438 2965 1876)
467 2933 499 2966 p.
526 2920 606 2955 448.

270 2975 283 2996 ‘2
308 2975 363 3009 Ita
390 2986 418 3009 e.
445 2986 478 3018 g.
506 2975 640 3008 Franc.
667 2974 821 3007 Dim-ich
851 2973 885 3006 in
916 2972 1291 3015 „Nuntiaturberichte
1318 2972 1494 3007 Giovanni
1512 2972 1679 3007 Morones
1705 2983 1786 3006 vom
1814 2971 1912 3005 deut-

151 3027 260 3062 schen
287 3027 507 3071 Konigshofe
536 3026 637 3061 1539.
666 3027 775 3061 1540“
818 3025 1039 3070 (Paderborn
1067 3026 1173 3070 1892)
1201 3038 1235 3071 p.
1262 3037 1326 3060 vn.
1353 3037 1435 3060 vm.
1486 3027 1619 3059 Walter
1649 3025 1913 3067 Friedensbury

152 3092 182 3115 a.
204 3081 312 3116 1893:
344 3081 416 3123 „Ist
441 3080 565 3121 doch“,
592 3080 717 3124 inquit,
749 3079 854 3122 „iiber
880 3079 935 3113 die
954 3078 1191 3122 Behandlung
1216 3079 1449 3113 historischer
1474 3078 1588 3113 Texte
1614 3077 1704 3112 noch
1731 3089 1770 3112 so
1795 3077 1913 3119 wenig

153 3133 459 3178 Einstimmigkeit
494 3132 636 3175 erzielt,
672 3133 755 3167 dass
789 3131 836 3165 im
864 3131 1008 3166 Grundc
1040 3131 1142 3176 jeder
1167 3131 1341 3166 Forscher
1375 3132 1451 3166 sein
1487 3132 1631 3175 eigenes
1657 3130 1800 3176 System
1827 3130 1908 3163 hat“

156 3186 525 3230 (Nuntiaturberichte
551 3197 617 3221 aus
642 3184 888 3220 Deutschland
918 3184 1150 3219 1533—1559
1176 3185 1227 3218 ΙΙΙ
1255 3184 1388 3229 [Gotha
1416 3183 1532 3229 1893]‚
1558 3184 1676 3219 Vorw.
1703 3195 1735 3228 p.
1762 3182 1805 3226 1).
