2113 3430
219 189 273 229 22
431 185 525 219 VIII.
563 183 695 219 Canisii
722 182 1019 228 autobiographia
1045 182 1122 217 sive
1150 182 1402 218 Confessiones
1428 185 1464 218 et
1490 182 1772 218 Testamentum.

217 302 485 351 lectionibus,
520 315 616 342 cum
648 301 709 342 sic
740 304 866 355 pater
900 299 1167 342 desideraret
1182 301 1209 343 1.
1267 301 1496 343 Caeterum
1528 315 1638 354 quae
1671 301 1726 344 ad
1757 300 1985 354 mysticam

218 366 520 419 Theologiam,
554 368 598 408 et
631 365 884 420 Spiritualia
921 364 1065 408 studia
1100 365 1332 419 pertinent,
1367 366 1507 419 magis
1540 366 1682 408 animo
1715 366 1986 415 adlucebant,

216 432 259 473 in
300 431 366 472 his
407 430 614 473 maiorem
656 444 830 472 succum
872 432 916 472 et
958 429 1218 484 sapidiorem
1260 430 1400 472 cibum
1442 445 1563 473 mens
1599 445 1696 473 mea
1728 431 1985 486 reperiebat.

217 496 419 538 Nondum
462 496 773 549 agnoscebam,
817 509 900 548 quo
942 509 1010 537 me
1043 494 1229 549 Spiritus
1261 497 1362 537 tuus
1395 495 1516 538 uelut
1546 496 1591 537 in
1622 499 1794 550 portum
1827 495 1986 538 adduc-

215 564 339 604 turus
372 563 508 603 esset:
551 561 626 603 sed
659 560 872 602 secundos
904 562 1052 602 tamen
1091 563 1246 603 uentos
1278 560 1561 611 immittebas‚
1606 574 1832 614 meamque
1865 560 1987 603 naui-

217 626 438 680 gationem
470 626 782 680 prosperabas,
826 627 873 667 ut
906 625 1092 667 blandae
1126 625 1334 679 Syrenes,
1379 627 1422 667 et
1454 639 1568 667 vana
1599 626 1745 679 mundj
1787 625 1984 676 ludibria,

218 692 270 733 ob
304 705 414 744 quae
446 690 619 745 plurimi
650 690 966 745 periclitantur,
1000 703 1142 732 meam
1175 691 1375 744 cymbam
1408 690 1513 732 nihil
1547 693 1880 733 commouerent.

335 757 400 798 De
423 756 565 799 victus
587 755 850 810 parsimonia
873 758 917 798 et
939 755 1126 798 vestitus
1149 756 1409 798 austeritate
1434 755 1620 797 libenter
1649 755 1744 810 alijs
1776 756 1985 809 gratulor,

218 821 310 876 ipse
342 835 427 863 non
459 835 632 875 possum
667 820 869 875 gloriarj,
913 820 949 861 si
981 820 1111 862 uelim
1143 820 1353 871 maxime,
1398 820 1498 874 quia
1530 820 1624 862 vias
1664 819 1762 862 illas
1793 834 1878 862 non
1911 834 1987 862 ex-

219 885 388 940 quisiuj,
424 886 475 928 de
511 886 663 939 quibus
699 886 844 928 aiebat
877 885 962 935 ille,
996 885 1234 939 Propter
1266 886 1435 927 uerba
1468 885 1738 927 labiorum
1771 888 1988 927 tuorum

218 965 316 1005 ego
350 951 631 994 custodiui
666 951 787 993 vias
821 950 1031 993 duras2.
1090 950 1238 994 Vestis
1270 950 1442 994 interim
1478 950 1671 992 cilicinae
1702 964 1824 992 usum
1858 964 1988 1004 saepe

217 1030 324 1071 puer
359 1016 595 1071 assumpsi,
629 1030 707 1058 nec
741 1016 917 1058 iubente
950 1018 1026 1058 aut
1057 1015 1271 1059 inuitante
1303 1018 1450 1059 tamen
1483 1016 1583 1066 ullo,
1620 1017 1665 1057 ut
1700 1009 1910 1057 arbitror:
1944 1018 1989 1056 et

217 1081 467 1136 priusquam
501 1096 680 1134 grauem
721 1081 765 1123 in
805 1095 934 1124 carne
966 1081 1126 1124 luctam
1165 1081 1399 1136 experirer.
1464 1081 1556 1123 Nec
1594 1081 1696 1123 mihi
1734 1080 1988 1135 displicebat

217 1150 310 1189 tum
343 1146 635 1200 simplicitatis
659 1149 703 1189 et
724 1146 998 1201 paupertatis
1032 1146 1221 1189 studium
1253 1161 1277 1189 a
1310 1150 1594 1201 praeceptore
1627 1146 1987 1188 commendatum.

218 1211 344 1253 Vnde
376 1212 541 1255 factum
571 1215 690 1266 puto,
725 1214 773 1254 ut
805 1226 1113 1265 nonnunquam
1146 1212 1303 1254 bonam
1335 1212 1541 1254 librorum
1573 1215 1742 1266 partem
1765 1225 1890 1253 sacco
1923 1210 1988 1252 in-

219 1277 382 1319 clusam
414 1277 458 1319 in
490 1291 704 1332 pauperes
737 1277 1078 1320 distribuendam
1111 1277 1224 1320 ultro
1249 1277 1407 1320 darem.
1455 1277 1522 1318 Ad
1554 1277 1690 1319 uitam
1724 1276 1985 1330 religiosam,

219 1342 390 1395 qualem
424 1342 699 1385 Carthusiani
731 1344 1015 1397 profitentur,
1059 1342 1214 1395 quietis
1248 1345 1291 1384 et
1336 1341 1712 1396 contemplationis
1757 1355 1879 1384 amor
1918 1355 1987 1383 me

220 1407 392 1462 saepius
434 1407 661 1451 inuitabat.
725 1407 970 1461 Aliquando
1012 1407 1057 1449 in
1088 1407 1432 1449 Bacchanalibus
1473 1407 1619 1458 festis,
1663 1420 1772 1460 quae
1813 1409 1984 1457 uocant,

220 1486 314 1514 cum
337 1472 452 1515 inter
475 1473 740 1515 coenandum
775 1473 870 1527 alijs
904 1472 1152 1523 assiderem‚
1188 1487 1213 1514 a
1235 1472 1323 1514 vini
1355 1476 1460 1526 potu
1493 1486 1561 1514 me
1594 1471 1853 1514 abstinuisse
1883 1471 1985 1522 scio,

220 1538 333 1592 quod
355 1537 525 1580 ueniret
554 1538 597 1580 in
620 1540 809 1580 mentem
832 1551 1026 1580 summae
1048 1537 1411 1592 intemperantiae
1439 1540 1481 1579 et
1506 1537 1742 1579 communis
1770 1536 1985 1591 crapulae,

221 1617 306 1657 qua
338 1617 384 1645 se
416 1606 519 1646 tunc
551 1603 746 1646 homines
778 1602 918 1645 insani
951 1603 1158 1653 obruunt,
1202 1605 1245 1645 et
1286 1603 1507 1656 ingentem
1539 1603 1630 1644 Deo
1663 1602 1854 1644 interunt
1887 1615 1986 1643 con-

219 1668 456 1720 tumeliam,
491 1669 836 1723 quandoquidem
867 1683 945 1723 pro
977 1669 1069 1710 Deo
1102 1669 1328 1711 uentrem3
1360 1667 1673 1711 studiosissime
1706 1681 1756 1709 ac
1787 1667 1987 1721 petulan-

219 1733 385 1776 tissime
427 1734 584 1777 colant.
656 1734 819 1776 Verum
860 1734 967 1776 haec
1007 1733 1043 1775 si
1084 1735 1196 1776 bona
1236 1733 1434 1784 fuerunt,
1479 1735 1523 1775 te
1561 1733 1741 1775 authore
1783 1735 1827 1775 et
1867 1732 1987 1774 Duce

220 1799 404 1850 fiebant,
451 1799 523 1853 qui
564 1799 830 1854 praeuenisti
870 1813 938 1841 me
979 1801 1056 1841 tua
1088 1798 1403 1849 misericordia,
1447 1801 1490 1840 et
1523 1813 1548 1840 a
1580 1797 1727 1839 mundi
1759 1796 1986 1850 carnisque

221 1863 375 1918 spiritu
399 1864 655 1908 abstraxisti
687 1864 875 1907 animam
907 1877 1060 1915 meam,
1095 1867 1143 1907 ut
1175 1864 1227 1905 in
1260 1863 1632 1918 simplicitate
1665 1862 1878 1904 cordis4
1909 1876 1987 1903 va-

222 1942 365 1971 carem
398 1929 494 1980 tibi,
530 1933 574 1973 et
605 1944 673 1972 me
705 1930 844 1984 ipsum
879 1931 1153 1983 abnegarem.
1217 1929 1376 1971 Fateor
1408 1928 1590 1970 Domine
1621 1927 1749 1970 testis
1782 1930 1825 1970 et
1856 1926 1987 1968 iudex

223 1994 432 2046 omnium,
476 1995 639 2046 fateor,
675 1995 728 2037 ab
760 1995 931 2037 illorum
963 2009 1031 2036 me
1063 1994 1226 2037 virtute
1260 1995 1407 2049 procul
1440 1994 1612 2043 abesse,
1657 1992 1728 2047 qui
1770 2006 1987 2034 carnem

223 2074 373 2101 suam
416 2074 528 2102 cum
570 2059 732 2113 uitijs
775 2063 828 2103 et
870 2059 1356 2114 concupiscentijs
1389 2058 1599 2112 singulari
1632 2058 1773 2100 studio
1816 2057 1988 2099 cruci-

347 2204 356 2224 ¹
388 2204 520 2247 „Liber
546 2202 838 2238 Intz'tnlatornm“
874 2203 952 2237 sive
979 2202 1168 2237 matricula
1203 2202 1453 2237 universitatis
1480 2201 1719 2242 lovaniensis,
1757 2212 1869 2235 annos
1899 2201 1988 2235 1528

227 2257 268 2290 ad
300 2257 390 2292 1569
417 2256 670 2302 complectens,
698 2257 734 2291 in
761 2268 853 2291 anno
883 2256 973 2290 1539
999 2256 1088 2290 haec
1114 2256 1242 2290 habet:

348 2311 468 2351 ‚Anno
492 2321 512 2344 a
530 2310 693 2354 virgineo
712 2312 817 2355 partu
836 2309 1027 2344 millesimo
1047 2309 1336 2354 quingentesimo
1355 2309 1635 2353 trigesimonono
1653 2307 1787 2342 mensis
1805 2306 1989 2351 Februarij

227 2363 282 2398 die
310 2363 438 2398 vltima
473 2363 509 2397 in
545 2364 823 2407 congregatione
859 2363 953 2397 alme
988 2362 1238 2397 vniuersitatis
1274 2362 1382 2407 studij
1419 2361 1598 2406 generalis
1637 2361 1731 2406 opidi
1757 2359 1991 2394 Louaniensis

224 2417 317 2462 apud
354 2417 644 2461 Augustinenses
682 2417 863 2451 celebrata
899 2417 1035 2451 electus
1070 2417 1140 2450 fuit
1175 2428 1219 2450 ex
1255 2416 1428 2450 facultate
1465 2415 1551 2449 iuris
1588 2414 1706 2449 ciuilis
1743 2414 1779 2447 in
1816 2415 1991 2447 rectorem

225 2470 383 2504 eiusdem
410 2470 659 2505 vniuersitatis
686 2470 902 2505 Ghisbertus
926 2469 1071 2514 Loyden
1097 2480 1117 2503 a
1136 2468 1356 2503 Buscoducis
1375 2468 1514 2502 Artium
1542 2467 1715 2511 magister
1741 2469 1777 2501 et
1802 2466 1991 2510 vtriusque

224 2523 311 2557 iuris
346 2522 578 2558 Licentiatus.
630 2523 696 2565 Qui
734 2523 896 2568 prestitis
935 2522 1147 2557 iuramentis
1185 2521 1367 2556 consuetis
1405 2521 1541 2566 recepit
1580 2532 1599 2554 a
1638 2532 1701 2555 suo
1739 2519 1991 2564 predecessore

225 2576 383 2619 sigillum
410 2576 520 2611 libros
547 2579 583 2611 et
608 2576 679 2611 alia
705 2578 906 2611 rectoratus
932 2576 1098 2620 insignia.
1152 2574 1223 2609 Sub
1251 2586 1319 2619 quo
1347 2576 1431 2609 sunt
1456 2573 1630 2608 intitulati
1665 2584 1815 2617 quorum
1850 2572 1992 2606 nomina

227 2632 426 2673 sequuntur

228 2710 768 2717 ..........
820 2682 1039 2727 [sequuntur
1066 2682 1234 2724 nomina]

1042 2740 1178 2786 Aprilis

347 2964 527 3010 Descripsi
555 2978 599 2999 ex
626 2966 703 3010 ipsa
730 2966 938 3008 matricula,
976 2977 1068 3010 quae
1103 2977 1196 2999 nuno
1233 2968 1289 2999 est
1314 2963 1496 2998 Bruxellis
1531 2964 1567 2997 in
1594 2962 1738 2996 archivo
1764 2960 1862 3003 regio
1891 2959 1990 3003 (Cod.

228 3018 385 3053 chartac.
414 3018 448 3051 in
477 3018 529 3059 2⁰,
557 3019 723 3061 signatus
753 3019 981 3061 „Universite
1009 3019 1051 3053 de
1080 3018 1240 3052 Louvain
1267 3017 1329 3052 Nr.
1356 3017 1455 3060 42²).
1498 3015 1633 3050 Eadem
1661 3025 1680 3048 a
1707 3013 1776 3048 PP.
1805 3013 1993 3058 Deynoodt

229 3074 265 3106 ct
293 3072 492 3113 Bongaerts
519 3072 618 3115 typis
645 3073 827 3116 exscripta
854 3075 948 3106 sunt.

349 3124 362 3144 ²
391 3124 445 3157 ΡΞ.
478 3124 530 3159 16,
557 3125 588 3157 4.
738 3125 750 3144 ³
777 3124 828 3158 Cf.
857 3125 949 3158 Phil.
978 3125 1008 3165 3,
1039 3125 1091 3158 19.

350 3179 360 3196 ⁴
389 3178 474 3210 (Gen.
503 3176 558 3216 20,
586 3178 616 3210 5.
669 3177 689 3210 3
717 3177 803 3220 Reg.
832 3178 863 3217 9,
889 3179 922 3210 4.
974 3177 994 3210 2
1022 3178 1100 3211 Cor.
1131 3177 1160 3216 1,
1189 3175 1231 3210 12
1258 3178 1324 3209 etc.
