2113 3430
207 211 290 250 413
732 205 807 239 128.
836 205 1076 239 Theodoricus
1104 205 1268 239 Camsius
1295 206 1447 240 Canisio.

208 323 401 367 Gratia
436 322 592 363 nobis
635 324 685 363 et
720 335 825 375 pax
866 334 891 362 a
925 321 1034 362 Deo
1067 321 1229 374 patre
1271 324 1323 363 et
1356 322 1581 364 Domino
1616 326 1807 365 nostro
1840 323 1972 364 -lesu

954 385 1176 427 Christo
1196 387 1222 427 ¹.

326 463 589 517 Scripseram
633 461 686 503 ad
730 463 772 502 te
814 460 953 502 frater
996 460 1246 502 charissime
1288 475 1399 502 anno
1444 462 1654 516 superiori
1695 463 1970 517 Nouiomagij

207 531 258 571 ob
291 527 585 570 valetudinem
619 525 898 580 prolixiorem
940 539 1075 578 agens
1117 525 1231 579 apud
1262 528 1446 567 matrem
1462 526 1491 568 2.
1555 527 1638 569 Sed
1671 531 1879 580 quantum
1919 542 1974 570 ex

207 593 465 636 coniecturis
488 591 791 633 verisimilibus
815 590 983 643 colligo,
1017 590 1345 632 tabellariorum
1377 590 1541 632 incuria
1571 591 1723 634 literae
1754 592 1854 635 illae
1877 608 1973 635 cum

207 660 371 712 aliquot
404 658 500 711 alijs
532 656 857 698 interciderunt.
903 656 951 696 In
973 658 1164 697 mentem
1191 655 1303 696 enim
1326 669 1466 697 meam
1490 656 1739 709 neutiquam
1772 657 1973 700 inducere

206 738 394 779 possum,
429 726 472 765 te
506 722 577 775 qui
599 736 666 763 me
700 721 850 763 intimo
883 734 1029 762 amore
1052 720 1280 774 complecti
1309 721 1435 770 soles⁷
1470 721 1770 774 feruoremque
1794 723 1974 765 calentis

206 789 320 831 illius
354 788 494 831 cordis
535 787 597 829 tui
639 785 856 839 frequenti
895 785 1119 828 literarum
1152 785 1439 828 missitatione
1473 785 1651 827 subinde
1683 786 1889 840 prodere,
1930 792 1975 830 te

207 855 381 907 inquam
416 852 576 895 veteris
618 851 731 892 illius
773 850 990 892 amicitiae
1031 850 1091 892 ita
1126 850 1221 892 iura
1254 850 1396 892 omnia
1429 850 1654 901 recidisse,
1697 865 1748 893 ac
1780 853 1975 905 germani

207 919 358 962 fratris
381 917 639 959 obliuionem
662 915 855 969 coepisse
875 913 973 968 [sese]
994 917 1042 957 vt
1060 918 1158 969 post
1175 915 1427 968 longissima
1444 915 1618 958 silentia
1635 916 1705 957 vel
1722 916 1976 958 breuissima

209 999 305 1027 eum
337 998 422 1025 non
449 981 692 1035 dignareris
724 980 1015 1035 responsione.
1060 980 1284 1033 Equidem,
1318 983 1367 1022 vt
1390 994 1540 1022 verum
1573 981 1728 1031 fatear,
1761 982 1976 1024 fluctuans

208 1050 283 1091 illa
313 1063 435 1090 mens
468 1061 564 1089 mea
596 1060 812 1101 supraque
844 1045 1017 1087 modum
1051 1045 1203 1095 anxia,
1248 1045 1507 1100 multiplices
1549 1045 1629 1087 sibi
1666 1060 1976 1100 saepenumero

208 1115 271 1157 tui
304 1114 418 1155 1111110
451 1112 610 1166 silentij
646 1126 800 1153 causas
823 1110 1007 1161 effinxit,
1041 1111 1167 1152 modo
1191 1125 1298 1163 quas
1321 1110 1464 1152 nescio
1491 1111 1678 1153 offensas
1710 1111 1848 1154 literis
1871 1112 1977 1154 meis

209 1182 362 1233 vtpote
405 1177 623 1227 barbaris,
670 1180 714 1219 et
758 1176 966 1230 spiritalis
1008 1175 1146 1217 01111110
1188 1175 1449 1218 condimenti
1493 1176 1766 1230 expertibus,
1811 1180 1976 1231 partas,

209 1244 514 1293 meditalmtur,
548 1242 633 1284 alia
667 1245 709 1284 et
743 1241 828 1283 alia
852 1241 978 1282 modo
1012 1241 1322 1295 phantasmata
1354 1241 1594 1294 ingerebat.
1639 1242 1801 1283 Verum
1835 1242 1977 1284 01111113

210 1310 316 1352 haec
348 1307 672 1364 persuasionem
704 1307 823 1348 illam
850 1320 991 1348 meam
1026 1306 1077 1348 de
1110 1320 1293 1360 syncero
1326 1310 1401 1349 tuo
1435 1320 1540 1359 erga
1566 1321 1634 1348 me
1667 1320 1813 1348 amore
1846 1307 1980 1349 semel

210 1375 414 1429 adeptam
457 1376 654 1415 euertere
687 1371 861 1413 minime
895 1372 1137 1413 valuerunt.
1201 1371 1259 1414 Et
1301 1373 1417 1413 recte
1460 1371 1654 1424 quidem,
1698 1386 1798 1414 nam
1835 1375 1884 1415 vt
1925 1386 1981 1414 ex

210 1439 455 1481 nouissimis
487 1438 573 1480 tuis
606 1437 661 1480 ad
694 1439 879 1479 matrem
911 1436 1050 1478 literis
1083 1436 1351 1478 intellexisse
1381 1436 1531 1478 videor
1562 1451 1684 1478 meae
1716 1436 1816 1479 illae
1849 1437 1903 1478 ad
1935 1439 1980 1479 te

210 1505 392 1547 necdum
422 1504 597 1545 fuerant
619 1502 828 1556 perlatae.
875 1502 985 1544 Vtvt
1008 1505 1088 1552 est,
1122 1515 1330 1555 perquam
1355 1516 1489 1555 graue
1512 1502 1614 1543 1111111
1639 1506 1682 1544 et
1705 1501 1979 1543 iniucundum

211 1573 299 1620 est,
339 1572 464 1612 tanto
497 1572 692 1622 tempore
725 1582 750 1609 a
782 1566 1039 1608 suauissimo
1074 1566 1313 1608 charissimi
1346 1567 1496 1609 fratris
1530 1567 1717 1609 alienum
1750 1581 1845 1609 esse
1877 1581 1980 1609 con-

211 1634 368 1685 sortio,
412 1648 495 1675 11011
530 1632 743 1687 0011101311
776 1632 901 1673 modo
935 1632 1009 1673 sed
1044 1634 1087 1673 et
1121 1645 1192 1682 eo,
1237 1631 1349 1685 quod
1381 1646 1459 1686 per
1490 1631 1640 1673 literas
1674 1631 1822 1673 haberi
1855 1632 1978 1674 solet.

212 1701 281 1742 An
314 1714 398 1741 non
433 1734 440 1741 .
543 1712 613 1740 100
645 1698 758 1740 foret
795 1696 1099 1738 molestissima
1132 1697 1218 1738 filio
1251 1696 1452 1751 pauperi,
1496 1697 1722 1750 languido,
1770 1697 1978 1746 desolato,

212 1764 536 1817 incredibilique
558 1763 732 1804 miseria
765 1761 994 1812 laboranti,
1027 1762 1146 1803 nulla
1168 1776 1193 1803 a
1216 1765 1341 1816 patre
1363 1761 1584 1816 percipere
1617 1762 1820 1813 subsidia,
1854 1776 1979 1815 quem

215 1829 538 1871 foelicissimum
560 1831 722 1879 nosset,
748 1827 908 1881 diuitijs
931 1827 1107 1881 insuper
1128 1827 1335 1880 bonisque
1359 1827 1555 1868 omnibus
1574 1827 1979 1869 affluentissimum?

216 1896 271 1937 Et
305 1897 422 1937 certe
464 1894 586 1948 inops
629 1907 709 1946 ego
742 1893 927 1945 bonique
960 1892 1098 1934 omnis
1138 1891 1331 1945 indigus,
1374 1892 1504 1934 miser
1543 1892 1671 1946 plane
1704 1894 1747 1934 et
1787 1891 1979 1941 infoelix,

216 1961 377 2001 nullum
412 1962 588 2013 praeter
620 1962 663 2000 te
695 1961 865 2012 patrem
889 1971 1091 2011 agnosco,
1126 1957 1193 1998 0111
1225 1959 1269 1999 et
1296 1959 1478 1999 naturae
1501 1971 1568 1999 me
1592 1957 1762 1998 vincula
1786 1957 1980 2011 proxime

216 2027 490 2075 connectant,
526 2023 729 2076 cuiusque
755 2022 934 2077 imperio
961 2026 1166 2075 tanquam
1188 2022 1301 2063 filius
1324 2022 1737 2075 obsequentissimus
1759 2022 1980 2064 subiacere

215 2090 275 2131 sui
319 2093 362 2132 et
405 2104 498 2131 sum
540 2102 675 2142 Vsque
718 2091 910 2142 paratus.
983 2087 1257 2141 Quapropter
1299 2087 1553 2129 suauissime
1599 2087 1980 2140 colendissimeque

218 2158 342 2209 pater
374 2169 451 2208 per
483 2153 640 2195 Christi
680 2156 724 2196 te
757 2167 947 2194 amorem
980 2152 1158 2193 obsecro
1200 2155 1244 2194 et
1284 2153 1480 2194 obtestor
1512 2166 1565 2193 ne
1597 2152 1766 2206 patiare
1799 2152 1980 2193 vlterius

218 2220 328 2261 hunc
369 2223 489 2261 tuum
531 2219 685 2269 filium,
729 2221 819 2260 tam
862 2217 955 2259 dira
987 2217 1123 2271 premi
1156 2219 1377 2269 egestate,
1421 2216 1750 2270 dulcissimoque
1791 2216 1863 2258 illo
1904 2219 1979 2258 tuo

217 2285 332 2326 vltra
366 2299 515 2326 carere
547 2283 715 2325 solatio.
762 2283 845 2325 Sed
877 2297 1032 2337 panem
1065 2282 1263 2324 famelico
1296 2282 1475 2323 subinde
1502 2284 1727 2336 praestare
1750 2284 1977 2324 incruente.

218 2350 375 2399 Quodsi
416 2364 501 2390 non
533 2362 688 2403 panem
722 2348 790 2389 vel
832 2348 1064 2389 miculas
1107 2348 1374 2389 cadentes
1416 2347 1476 2388 de
1518 2360 1701 2388 mensa
1743 2346 1980 2388 domino-

218 2416 373 2464 rumss,
420 2414 624 2455 hominos
668 2413 764 2455 illos
806 2427 913 2454 voco
959 2412 1029 2465 qui
1076 2412 1277 2453 continuo
1322 2425 1555 2466 progressu
1600 2412 1654 2453 ad
1703 2411 1980 2465 perfectionis

218 2479 439 2532 fastigium
473 2479 785 2520 contemtlentes
815 2477 1076 2531 quotidianis
1100 2491 1121 2518 e
1146 2476 1451 2519 delicatissimo
1481 2477 1554 2518 illo
1578 2476 1718 2518 cordis
1750 2476 1813 2518 tui
1836 2490 1980 2530 prom-

218 2544 388 2597 ptuario
412 2543 676 2598 depromptis
699 2543 903 2585 fouentur
926 2541 1155 2591 alimentis,
1184 2542 1225 2583 in
1250 2556 1429 2594 quorum
1453 2542 1624 2594 quidem
1647 2541 1745 2583 albo
1767 2540 1981 2583 recenseri

336 2694 348 2706 ³
373 2690 542 2731 Sequilm·
568 2688 783 2730 ruvalmIth,
811 2688 903 2730 qnod
929 2688 995 2728 {styli
1023 2698 1089 2718 mm
1115 2690 1236 2728 poles-I.

221 2821 360 2863 quidem
389 2821 524 2854 animo*
548 2820 640 2853 haud
666 2819 835 2861 „multum
855 2819 982 2853 Petro*
1006 2819 1148 2853 Uanisio
1178 2818 1232 2860 „in
1259 2818 1442 2862 religionis
1468 2818 1585 2852 studio
1605 2818 1791 2857 concessit,
1817 2817 1981 2861 quamuis

224 2874 391 2905 virtutem
429 2874 591 2907 omnibus
619 2873 732 2907 modis
768 2875 891 2915 tegere
921 2872 1050 2906 solitus
1082 2872 1148 2905 sit‘
1181 2872 1248 2914 (De
1277 2872 1351 2905 vita
1379 2871 1511 2906 Canisii
1539 2883 1570 2916 p.
1598 2871 1696 2914 253).
1749 2870 1800 2903 Cf.
1829 2871 1979 2903 eiusdem

227 2926 434 2961 ,lt-avariam
464 2927 575 2970 piam·
611 2925 805 2965 (Monachii
835 2926 939 2967 1628)
970 2937 1001 2969 p.
1034 2925 1235 2966 147-151,
1273 2928 1307 2958 et
1337 2925 1455 2958 Vitam
1482 2925 1520 2958 P.
1548 2923 1755 2957 Theoderici
1782 2934 1801 2956 a
1828 2922 1866 2956 P.
1894 2924 1979 2956 Em.

225 2979 446 3019 Xivrvn1h1112q
474 2980 507 3012 S.
535 2980 566 3012 J.
603 2981 803 3012 enarratam
843 2978 874 3010 in
911 2989 1016 3022 opere
1047 2977 1228 3018 ,varones
1255 2978 1400 3011 ilustres
1427 2978 1469 3011 de
1500 2977 1533 3010 la
1561 2978 1753 3020 Compasiiu
1782 2976 1823 3009 de
1851 2976 1975 3009 ,100110-

228 3030 267 3061 Ὴ
301 3032 347 3063 12.
377 3031 440 3066 ml..
471 3031 591 3064 liilbao
621 3031 739 3073 18210),
767 3031 916 3064 37—42.
1092 3032 1099 3050 ¹
1129 3031 1227 3064 110111.
1258 3031 1286 3071 l,
1314 3031 1344 3063 Τ.
1400 3032 1413 3064 1
1445 3031 1522 3063 Cor.
1553 3029 1580 3064 1.
1608 3029 1639 3062 3.
1693 3028 1778 3072 Eph.
1810 3030 1837 3069 1,
1865 3030 1885 3061 2
1913 3031 1979 3062 etc.

341 3084 353 3101 “-’
381 3083 432 3115 1'1'.
461 3095 551 3125 quae
579 3084 620 3116 tle
646 3084 864 3117 'l'lieodorico
891 3082 934 3116 ad
963 3082 995 3115 S.
1024 3083 1203 3125 lgnatium
1230 3083 1375 3127 scripsit
1402 3082 1440 3115 P.
1469 3082 1680 3115 Lemno-dus
1705 3082 1824 3114 Kvssvl
1851 3081 1981 3115 litteris

223 3134 367 3167 colonia
399 3136 425 3167 1.
454 3137 671 3179 Septembris
702 3137 786 3169 15:31
817 3136 910 3169 datis
940 3135 1112 3178 (Litterae
1140 3135 1420 3178 quadrimestres
1451 3134 1472 3170 1.
1498 3132 1596 3176 403).

344 3190 354 3204 '²
383 3187 508 3220 matth.
542 3190 592 3225 13,
620 3190 662 3207 θ’

622 3206 674 3222 ...l-
