<?xml version="1.0" encoding="UTF-8"?>
<!DOCTYPE html PUBLIC "-//W3C//DTD XHTML 1.0 Transitional//EN"
    "http://www.w3.org/TR/xhtml1/DTD/xhtml1-transitional.dtd">
<html xmlns="http://www.w3.org/1999/xhtml" xml:lang="en" lang="en">
 <head>
  <title>
</title>
<meta http-equiv="Content-Type" content="text/html;charset=utf-8" />
  <meta name='ocr-system' content='tesseract 3.04.00' />
  <meta name='ocr-capabilities' content='ocr_page ocr_carea ocr_par ocr_line ocrx_word'/>
</head>
<body>
  <div class='ocr_page' id='page_1' title='image "beatipetricanisi01cani_0020.png"; bbox 0 0 2178 3430; ppageno 0'>
   <div class='ocr_carea' id='block_1_1' title="bbox 219 191 1366 250">
    <p class='ocr_par' dir='ltr' id='par_1_1' title="bbox 219 191 1366 250">
     <span class='ocr_line' id='line_1_1' title="bbox 219 191 1366 250; baseline -0.025 0"><span class='ocrx_word' id='word_1_1' title='bbox 219 221 300 250; x_wconf 82' lang='lat' dir='ltr'>XIV</span> <span class='ocrx_word' id='word_1_2' title='bbox 832 196 1063 230; x_wconf 74' lang='lat' dir='ltr'>Monumenta</span> <span class='ocrx_word' id='word_1_3' title='bbox 1089 191 1271 226; x_wconf 75' lang='lat' dir='ltr'>canisiana</span> <span class='ocrx_word' id='word_1_4' title='bbox 1298 193 1366 224; x_wconf 82' lang='lat' dir='ltr'>etc.</span> 
     </span>
    </p>
   </div>
   <div class='ocr_carea' id='block_1_2' title="bbox 373 343 1817 628">
    <p class='ocr_par' dir='ltr' id='par_1_2' title="bbox 373 343 1817 628">
     <span class='ocr_line' id='line_1_2' title="bbox 373 343 1336 392; baseline -0.012 -1"><span class='ocrx_word' id='word_1_5' title='bbox 373 356 415 392; x_wconf 77' lang='lat' dir='ltr'>B.</span> <span class='ocrx_word' id='word_1_6' title='bbox 446 354 698 391; x_wconf 74' lang='lat' dir='ltr'>Monumenta</span> <span class='ocrx_word' id='word_1_7' title='bbox 728 347 968 387; x_wconf 82' lang='lat' dir='ltr'>coloniensia</span> <span class='ocrx_word' id='word_1_8' title='bbox 998 359 1030 384; x_wconf 85' lang='lat' dir='ltr'>a.</span> <span class='ocrx_word' id='word_1_9' title='bbox 1064 343 1336 382; x_wconf 71' lang='lat'>15:36—1547.</span> 
     </span>
     <span class='ocr_line' id='line_1_3' title="bbox 449 421 1601 471; baseline -0.012 -8"><span class='ocrx_word' id='word_1_10' title='bbox 449 430 484 471; x_wconf 77' lang='lat' dir='ltr'>a)</span> <span class='ocrx_word' id='word_1_11' title='bbox 513 427 639 462; x_wconf 75' lang='lat' dir='ltr'>Studia</span> <span class='ocrx_word' id='word_1_12' title='bbox 665 425 842 461; x_wconf 82' lang='lat' dir='ltr'>litteraria</span> <span class='ocrx_word' id='word_1_13' title='bbox 870 421 1102 458; x_wconf 70' lang='lat'>1536—1546</span> <span class='ocrx_word' id='word_1_14' title='bbox 1384 445 1389 450; x_wconf 94' lang='lat'>.</span> <span class='ocrx_word' id='word_1_15' title='bbox 1490 445 1496 450; x_wconf 94' lang='lat'><em>.</em></span> <span class='ocrx_word' id='word_1_16' title='bbox 1596 444 1601 449; x_wconf 90' lang='lat'><em>.</em></span> 
     </span>
     <span class='ocr_line' id='line_1_4' title="bbox 448 469 1817 525; baseline -0.012 -8"><span class='ocrx_word' id='word_1_17' title='bbox 448 483 484 525; x_wconf 82' lang='lat' dir='ltr'>b)</span> <span class='ocrx_word' id='word_1_18' title='bbox 515 481 675 516; x_wconf 76' lang='lat' dir='ltr'>Societas</span> <span class='ocrx_word' id='word_1_19' title='bbox 702 480 782 513; x_wconf 90' lang='lat' dir='ltr'>Iesu</span> <span class='ocrx_word' id='word_1_20' title='bbox 809 489 871 522; x_wconf 85' lang='lat' dir='ltr'>per</span> <span class='ocrx_word' id='word_1_21' title='bbox 898 475 1080 510; x_wconf 81' lang='lat' dir='ltr'>Canisium</span> <span class='ocrx_word' id='word_1_22' title='bbox 1107 473 1141 507; x_wconf 89' lang='lat' dir='ltr'>in</span> <span class='ocrx_word' id='word_1_23' title='bbox 1169 471 1360 507; x_wconf 69' lang='lat' dir='ltr'>Germania</span> <span class='ocrx_word' id='word_1_24' title='bbox 1396 469 1556 504; x_wconf 85' lang='lat' dir='ltr'>stabilita</span> <span class='ocrx_word' id='word_1_25' title='bbox 1585 469 1817 502; x_wconf 67' lang='lat'>1543—1546</span> 
     </span>
     <span class='ocr_line' id='line_1_5' title="bbox 449 520 1817 579; baseline -0.012 -9"><span class='ocrx_word' id='word_1_26' title='bbox 449 537 484 579; x_wconf 88' lang='lat' dir='ltr'>c)</span> <span class='ocrx_word' id='word_1_27' title='bbox 513 534 652 570; x_wconf 78' lang='lat' dir='ltr'>Officia.</span> <span class='ocrx_word' id='word_1_28' title='bbox 680 543 770 576; x_wconf 89' lang='lat' dir='ltr'>quae</span> <span class='ocrx_word' id='word_1_29' title='bbox 790 529 955 565; x_wconf 87' lang='lat' dir='ltr'>Canisius</span> <span class='ocrx_word' id='word_1_30' title='bbox 982 525 1236 561; x_wconf 85' lang='lat' dir='ltr'>archidioecesi</span> <span class='ocrx_word' id='word_1_31' title='bbox 1264 523 1457 558; x_wconf 90' lang='lat' dir='ltr'>coloniensi</span> <span class='ocrx_word' id='word_1_32' title='bbox 1476 522 1510 556; x_wconf 90' lang='lat' dir='ltr'>in</span> <span class='ocrx_word' id='word_1_33' title='bbox 1530 521 1709 567; x_wconf 73' lang='lat' dir='ltr'>apostasia</span> <span class='ocrx_word' id='word_1_34' title='bbox 1731 520 1817 554; x_wconf 87' lang='lat' dir='ltr'>Her-</span> 
     </span>
     <span class='ocr_line' id='line_1_6' title="bbox 516 580 1178 628; baseline -0.014 -7"><span class='ocrx_word' id='word_1_35' title='bbox 516 587 633 621; x_wconf 81' lang='lat' dir='ltr'>manni</span> <span class='ocrx_word' id='word_1_36' title='bbox 662 584 817 619; x_wconf 84' lang='lat' dir='ltr'>Wedani</span> <span class='ocrx_word' id='word_1_37' title='bbox 843 581 1025 628; x_wconf 83' lang='lat' dir='ltr'>praestitit</span> <span class='ocrx_word' id='word_1_38' title='bbox 1054 580 1143 614; x_wconf 80' lang='lat'>1547</span> <span class='ocrx_word' id='word_1_39' title='bbox 1172 607 1178 612; x_wconf 91' lang='lat'><em>.</em></span> 
     </span>
    </p>
   </div>
   <div class='ocr_carea' id='block_1_3' title="bbox 383 653 1817 762">
    <p class='ocr_par' dir='ltr' id='par_1_3' title="bbox 383 653 1817 762">
     <span class='ocr_line' id='line_1_7' title="bbox 383 653 1817 707; baseline -0.013 -2"><span class='ocrx_word' id='word_1_40' title='bbox 383 666 422 705; x_wconf 88' lang='lat' dir='ltr'>C.</span> <span class='ocrx_word' id='word_1_41' title='bbox 452 666 704 704; x_wconf 79' lang='lat' dir='ltr'>Monuinenta</span> <span class='ocrx_word' id='word_1_42' title='bbox 724 660 948 704; x_wconf 78' lang='lat' dir='ltr'>tridentina,</span> <span class='ocrx_word' id='word_1_43' title='bbox 971 671 1068 707; x_wconf 88' lang='lat' dir='ltr'>quae</span> <span class='ocrx_word' id='word_1_44' title='bbox 1089 656 1252 707; x_wconf 79' lang='lat' dir='ltr'>primuni</span> <span class='ocrx_word' id='word_1_45' title='bbox 1275 653 1429 692; x_wconf 90' lang='lat' dir='ltr'>concilii</span> <span class='ocrx_word' id='word_1_46' title='bbox 1450 657 1604 701; x_wconf 84' lang='lat' dir='ltr'>tenipus</span> <span class='ocrx_word' id='word_1_47' title='bbox 1626 654 1817 700; x_wconf 74' lang='lat' dir='ltr'>spectant,</span> 
     </span>
     <span class='ocr_line' id='line_1_8' title="bbox 458 725 557 762; baseline -0.01 0"><span class='ocrx_word' id='word_1_48' title='bbox 458 725 557 762; x_wconf 64' lang='lat'>1547</span> 
     </span>
    </p>
   </div>
   <div class='ocr_carea' id='block_1_4' title="bbox 380 799 1288 846">
    <p class='ocr_par' dir='ltr' id='par_1_4' title="bbox 380 799 1288 846">
     <span class='ocr_line' id='line_1_9' title="bbox 380 799 1288 846; baseline -0.014 0"><span class='ocrx_word' id='word_1_49' title='bbox 380 809 427 846; x_wconf 90' lang='lat' dir='ltr'>D.</span> <span class='ocrx_word' id='word_1_50' title='bbox 458 808 709 844; x_wconf 79' lang='lat' dir='ltr'>Monuincnta</span> <span class='ocrx_word' id='word_1_51' title='bbox 739 802 994 841; x_wconf 80' lang='lat' dir='ltr'>bononiensia</span> <span class='ocrx_word' id='word_1_52' title='bbox 1028 799 1140 837; x_wconf 70' lang='lat'>1547.</span> <span class='ocrx_word' id='word_1_53' title='bbox 1177 800 1288 834; x_wconf 65' lang='lat'>1542).</span> 
     </span>
    </p>
   </div>
   <div class='ocr_carea' id='block_1_5' title="bbox 456 881 1397 1033">
    <p class='ocr_par' dir='ltr' id='par_1_5' title="bbox 456 881 1397 1033">
     <span class='ocr_line' id='line_1_10' title="bbox 456 881 971 925; baseline -0.014 -8"><span class='ocrx_word' id='word_1_54' title='bbox 456 883 491 925; x_wconf 83' lang='lat' dir='ltr'>a)</span> <span class='ocrx_word' id='word_1_55' title='bbox 522 881 779 923; x_wconf 72' lang='lat' dir='ltr'>prolegomena</span> <span class='ocrx_word' id='word_1_56' title='bbox 858 905 863 911; x_wconf 95' lang='lat'>.</span> <span class='ocrx_word' id='word_1_57' title='bbox 965 904 971 910; x_wconf 92' lang='lat'>.</span> 
     </span>
     <span class='ocr_line' id='line_1_11' title="bbox 456 931 1287 979; baseline -0.011 -12"><span class='ocrx_word' id='word_1_58' title='bbox 456 937 492 979; x_wconf 80' lang='lat' dir='ltr'>b)</span> <span class='ocrx_word' id='word_1_59' title='bbox 522 937 614 969; x_wconf 80' lang='lat' dir='ltr'>Acta</span> <span class='ocrx_word' id='word_1_60' title='bbox 639 931 827 978; x_wconf 73' lang='lat' dir='ltr'>synodalia</span> <span class='ocrx_word' id='word_1_61' title='bbox 855 931 968 964; x_wconf 74' lang='lat'>1547.</span> <span class='ocrx_word' id='word_1_62' title='bbox 1175 955 1180 959; x_wconf 93' lang='lat'>.</span> <span class='ocrx_word' id='word_1_63' title='bbox 1283 953 1287 958; x_wconf 90' lang='lat'><strong>.</strong></span> 
     </span>
     <span class='ocr_line' id='line_1_12' title="bbox 458 979 1397 1033; baseline -0.014 -10"><span class='ocrx_word' id='word_1_64' title='bbox 458 989 491 1033; x_wconf 88' lang='lat' dir='ltr'>c)</span> <span class='ocrx_word' id='word_1_65' title='bbox 520 988 659 1022; x_wconf 77' lang='lat' dir='ltr'>Laurea</span> <span class='ocrx_word' id='word_1_66' title='bbox 684 984 886 1027; x_wconf 77' lang='lat' dir='ltr'>theologica</span> <span class='ocrx_word' id='word_1_67' title='bbox 914 982 1056 1017; x_wconf 83' lang='lat' dir='ltr'>Canisio</span> <span class='ocrx_word' id='word_1_68' title='bbox 1083 980 1214 1014; x_wconf 84' lang='lat' dir='ltr'>collata</span> <span class='ocrx_word' id='word_1_69' title='bbox 1242 979 1330 1012; x_wconf 72' lang='lat'>1:349</span> <span class='ocrx_word' id='word_1_70' title='bbox 1393 1006 1397 1010; x_wconf 93' lang='lat'>.</span> 
     </span>
    </p>
   </div>
   <div class='ocr_carea' id='block_1_6' title="bbox 387 1057 1372 1110">
    <p class='ocr_par' dir='ltr' id='par_1_6' title="bbox 387 1057 1372 1110">
     <span class='ocr_line' id='line_1_13' title="bbox 387 1057 1372 1110; baseline -0.014 -5"><span class='ocrx_word' id='word_1_71' title='bbox 387 1068 427 1105; x_wconf 86' lang='lat' dir='ltr'>E.</span> <span class='ocrx_word' id='word_1_72' title='bbox 459 1066 711 1104; x_wconf 76' lang='lat' dir='ltr'>Monumenta</span> <span class='ocrx_word' id='word_1_73' title='bbox 742 1058 1067 1110; x_wconf 80' lang='lat' dir='ltr'>ingolstadiensia</span> <span class='ocrx_word' id='word_1_74' title='bbox 1099 1057 1372 1094; x_wconf 71' lang='grc'>1548-1556.</span> 
     </span>
    </p>
   </div>
   <div class='ocr_carea' id='block_1_7' title="bbox 461 1127 1835 1604">
    <p class='ocr_par' dir='ltr' id='par_1_7' title="bbox 461 1127 1731 1186">
     <span class='ocr_line' id='line_1_14' title="bbox 461 1127 1731 1186; baseline -0.014 -9"><span class='ocrx_word' id='word_1_75' title='bbox 461 1143 495 1186; x_wconf 85' lang='lat' dir='ltr'>a)</span> <span class='ocrx_word' id='word_1_76' title='bbox 526 1141 660 1176; x_wconf 88' lang='lat' dir='ltr'>Canisii</span> <span class='ocrx_word' id='word_1_77' title='bbox 686 1142 722 1174; x_wconf 87' lang='lat' dir='ltr'>et</span> <span class='ocrx_word' id='word_1_78' title='bbox 746 1138 922 1173; x_wconf 86' lang='lat' dir='ltr'>sociorum</span> <span class='ocrx_word' id='word_1_79' title='bbox 950 1136 1025 1170; x_wconf 87' lang='lat' dir='ltr'>eius</span> <span class='ocrx_word' id='word_1_80' title='bbox 1052 1133 1185 1174; x_wconf 81' lang='lat' dir='ltr'>missio⁷</span> <span class='ocrx_word' id='word_1_81' title='bbox 1212 1131 1389 1166; x_wconf 83' lang='lat' dir='ltr'>adventus</span> <span class='ocrx_word' id='word_1_82' title='bbox 1416 1131 1482 1163; x_wconf 87' lang='lat' dir='ltr'>etc.</span> <span class='ocrx_word' id='word_1_83' title='bbox 1513 1128 1612 1162; x_wconf 64' lang='lat'>1548.</span> <span class='ocrx_word' id='word_1_84' title='bbox 1642 1127 1731 1161; x_wconf 82' lang='lat'>1549</span> 
     </span>
    </p>

    <p class='ocr_par' dir='ltr' id='par_1_8' title="bbox 461 1179 1829 1282">
     <span class='ocr_line' id='line_1_15' title="bbox 461 1179 1829 1240; baseline -0.013 -10"><span class='ocrx_word' id='word_1_85' title='bbox 461 1196 497 1240; x_wconf 84' lang='lat' dir='ltr'>b)</span> <span class='ocrx_word' id='word_1_86' title='bbox 528 1194 677 1229; x_wconf 83' lang='lat' dir='ltr'>Scholae</span> <span class='ocrx_word' id='word_1_87' title='bbox 711 1190 921 1236; x_wconf 81' lang='lat' dir='ltr'>Ingolstadii</span> <span class='ocrx_word' id='word_1_88' title='bbox 955 1187 1099 1223; x_wconf 88' lang='lat' dir='ltr'>habitae</span> <span class='ocrx_word' id='word_1_89' title='bbox 1135 1189 1170 1220; x_wconf 86' lang='lat' dir='ltr'>et</span> <span class='ocrx_word' id='word_1_90' title='bbox 1204 1185 1316 1219; x_wconf 84' lang='lat' dir='ltr'>bonae</span> <span class='ocrx_word' id='word_1_91' title='bbox 1351 1183 1448 1217; x_wconf 85' lang='lat' dir='ltr'>vitae</span> <span class='ocrx_word' id='word_1_92' title='bbox 1478 1180 1642 1225; x_wconf 85' lang='lat' dir='ltr'>exempla</span> <span class='ocrx_word' id='word_1_93' title='bbox 1668 1179 1829 1225; x_wconf 82' lang='lat' dir='ltr'>praebita</span> 
     </span>
     <span class='ocr_line' id='line_1_16' title="bbox 528 1246 1828 1282; baseline -0.013 0"><span class='ocrx_word' id='word_1_94' title='bbox 528 1246 759 1282; x_wconf 71' lang='lat'>1549—1552</span> <span class='ocrx_word' id='word_1_95' title='bbox 864 1272 870 1278; x_wconf 94' lang='lat'>.</span> <span class='ocrx_word' id='word_1_96' title='bbox 971 1270 976 1276; x_wconf 93' lang='lat'>.</span> <span class='ocrx_word' id='word_1_97' title='bbox 1077 1269 1083 1274; x_wconf 88' lang='lat'>.</span> <span class='ocrx_word' id='word_1_98' title='bbox 1184 1267 1189 1272; x_wconf 95' lang='lat'>.</span> <span class='ocrx_word' id='word_1_99' title='bbox 1290 1265 1296 1271; x_wconf 92' lang='lat'><strong>.</strong></span> <span class='ocrx_word' id='word_1_100' title='bbox 1397 1264 1402 1270; x_wconf 94' lang='lat'>.</span> <span class='ocrx_word' id='word_1_101' title='bbox 1503 1263 1508 1268; x_wconf 93' lang='lat'><em>.</em></span> <span class='ocrx_word' id='word_1_102' title='bbox 1609 1261 1615 1267; x_wconf 92' lang='lat'>.</span> <span class='ocrx_word' id='word_1_103' title='bbox 1715 1261 1721 1267; x_wconf 87' lang='lat'><strong><em>.</em></strong></span> <span class='ocrx_word' id='word_1_104' title='bbox 1821 1259 1828 1266; x_wconf 86' lang='lat'><strong>.</strong></span> 
     </span>
    </p>

    <p class='ocr_par' dir='ltr' id='par_1_9' title="bbox 465 1287 1830 1398">
     <span class='ocr_line' id='line_1_17' title="bbox 465 1287 1830 1346; baseline -0.013 -9"><span class='ocrx_word' id='word_1_105' title='bbox 465 1304 497 1346; x_wconf 89' lang='lat' dir='ltr'>c)</span> <span class='ocrx_word' id='word_1_106' title='bbox 526 1302 658 1336; x_wconf 84' lang='lat' dir='ltr'>Munus</span> <span class='ocrx_word' id='word_1_107' title='bbox 683 1298 832 1333; x_wconf 82' lang='lat' dir='ltr'>rectoris</span> <span class='ocrx_word' id='word_1_108' title='bbox 858 1295 1106 1331; x_wconf 83' lang='lat' dir='ltr'>universitatis</span> <span class='ocrx_word' id='word_1_109' title='bbox 1124 1305 1144 1326; x_wconf 88' lang='lat' dir='ltr'>a</span> <span class='ocrx_word' id='word_1_110' title='bbox 1164 1291 1305 1326; x_wconf 82' lang='lat' dir='ltr'>Canisio</span> <span class='ocrx_word' id='word_1_111' title='bbox 1326 1290 1459 1324; x_wconf 81' lang='lat' dir='ltr'>obitum</span> <span class='ocrx_word' id='word_1_112' title='bbox 1483 1288 1535 1322; x_wconf 63' lang='lat'>18.</span> <span class='ocrx_word' id='word_1_113' title='bbox 1555 1287 1720 1322; x_wconf 78' lang='lat' dir='ltr'>Octobris</span> <span class='ocrx_word' id='word_1_114' title='bbox 1742 1288 1830 1320; x_wconf 75' lang='grc'>1550</span> 
     </span>
     <span class='ocr_line' id='line_1_18' title="bbox 529 1350 1830 1398; baseline -0.013 -9"><span class='ocrx_word' id='word_1_115' title='bbox 529 1356 572 1390; x_wconf 82' lang='lat' dir='ltr'>ad</span> <span class='ocrx_word' id='word_1_116' title='bbox 599 1355 655 1388; x_wconf 82' lang='lat'>24.</span> <span class='ocrx_word' id='word_1_117' title='bbox 682 1351 816 1398; x_wconf 79' lang='lat' dir='ltr'>Aprilis</span> <span class='ocrx_word' id='word_1_118' title='bbox 845 1350 931 1385; x_wconf 88' lang='lat'>1551</span> <span class='ocrx_word' id='word_1_119' title='bbox 975 1376 981 1383; x_wconf 90' lang='lat'><strong><em>.</em></strong></span> <span class='ocrx_word' id='word_1_120' title='bbox 1294 1372 1300 1378; x_wconf 93' lang='lat'><strong>.</strong></span> <span class='ocrx_word' id='word_1_121' title='bbox 1825 1366 1830 1372; x_wconf 93' lang='lat'>.</span> 
     </span>
    </p>

    <p class='ocr_par' dir='ltr' id='par_1_10' title="bbox 466 1392 1832 1505">
     <span class='ocr_line' id='line_1_19' title="bbox 466 1392 1832 1453; baseline -0.013 -11"><span class='ocrx_word' id='word_1_122' title='bbox 466 1410 502 1453; x_wconf 78' lang='lat' dir='ltr'>cl)</span> <span class='ocrx_word' id='word_1_123' title='bbox 530 1405 825 1442; x_wconf 87' lang='lat' dir='ltr'>Vicecancellarii</span> <span class='ocrx_word' id='word_1_124' title='bbox 852 1403 1009 1447; x_wconf 74' lang='lat' dir='ltr'>dignitas</span> <span class='ocrx_word' id='word_1_125' title='bbox 1036 1413 1055 1435; x_wconf 81' lang='lat' dir='ltr'>a</span> <span class='ocrx_word' id='word_1_126' title='bbox 1083 1400 1225 1434; x_wconf 83' lang='lat' dir='ltr'>Canisio</span> <span class='ocrx_word' id='word_1_127' title='bbox 1252 1400 1417 1431; x_wconf 81' lang='lat' dir='ltr'>recusata</span> <span class='ocrx_word' id='word_1_128' title='bbox 1444 1395 1590 1438; x_wconf 83' lang='lat' dir='ltr'>eiusque</span> <span class='ocrx_word' id='word_1_129' title='bbox 1616 1404 1760 1427; x_wconf 82' lang='lat' dir='ltr'>munera</span> <span class='ocrx_word' id='word_1_130' title='bbox 1789 1392 1832 1426; x_wconf 82' lang='lat' dir='ltr'>ab</span> 
     </span>
     <span class='ocr_line' id='line_1_20' title="bbox 530 1448 1831 1505; baseline -0.015 -8"><span class='ocrx_word' id='word_1_131' title='bbox 530 1474 570 1496; x_wconf 87' lang='lat' dir='ltr'>eo</span> <span class='ocrx_word' id='word_1_132' title='bbox 596 1462 765 1505; x_wconf 89' lang='lat' dir='ltr'>suscepta</span> <span class='ocrx_word' id='word_1_133' title='bbox 791 1470 811 1492; x_wconf 87' lang='lat' dir='ltr'>a</span> <span class='ocrx_word' id='word_1_134' title='bbox 837 1457 926 1491; x_wconf 89' lang='lat' dir='ltr'>Iulio</span> <span class='ocrx_word' id='word_1_135' title='bbox 954 1455 1041 1490; x_wconf 85' lang='grc'>1551</span> <span class='ocrx_word' id='word_1_136' title='bbox 1069 1464 1183 1497; x_wconf 87' lang='lat' dir='ltr'>usque</span> <span class='ocrx_word' id='word_1_137' title='bbox 1210 1451 1252 1486; x_wconf 84' lang='lat' dir='ltr'>ad</span> <span class='ocrx_word' id='word_1_138' title='bbox 1280 1450 1449 1484; x_wconf 83' lang='lat' dir='ltr'>Martium</span> <span class='ocrx_word' id='word_1_139' title='bbox 1479 1448 1568 1482; x_wconf 84' lang='grc'>1552</span> <span class='ocrx_word' id='word_1_140' title='bbox 1613 1475 1618 1481; x_wconf 97' lang='grc'><em>.</em></span> <span class='ocrx_word' id='word_1_141' title='bbox 1825 1473 1831 1479; x_wconf 93' lang='grc'>.</span> 
     </span>
    </p>

    <p class='ocr_par' dir='ltr' id='par_1_11' title="bbox 467 1499 1835 1604">
     <span class='ocr_line' id='line_1_21' title="bbox 467 1499 1835 1561; baseline -0.014 -11"><span class='ocrx_word' id='word_1_142' title='bbox 467 1517 500 1561; x_wconf 86' lang='lat' dir='ltr'>e)</span> <span class='ocrx_word' id='word_1_143' title='bbox 531 1514 726 1558; x_wconf 83' lang='lat' dir='ltr'>Collegium</span> <span class='ocrx_word' id='word_1_144' title='bbox 755 1510 945 1546; x_wconf 82' lang='lat' dir='ltr'>Societatis</span> <span class='ocrx_word' id='word_1_145' title='bbox 973 1510 1052 1543; x_wconf 89' lang='lat' dir='ltr'>lesu</span> <span class='ocrx_word' id='word_1_146' title='bbox 1080 1506 1213 1542; x_wconf 81' lang='lat' dir='ltr'>Canisii</span> <span class='ocrx_word' id='word_1_147' title='bbox 1240 1516 1345 1549; x_wconf 84' lang='lat' dir='ltr'>opera</span> <span class='ocrx_word' id='word_1_148' title='bbox 1366 1501 1573 1546; x_wconf 82' lang='lat' dir='ltr'>Ingolstadii</span> <span class='ocrx_word' id='word_1_149' title='bbox 1602 1499 1835 1534; x_wconf 80' lang='lat' dir='ltr'>constitutum</span> 
     </span>
     <span class='ocr_line' id='line_1_22' title="bbox 533 1567 766 1604; baseline -0.017 0"><span class='ocrx_word' id='word_1_150' title='bbox 533 1567 766 1604; x_wconf 83' lang='lat'>1551—1556</span> 
     </span>
    </p>
   </div>
   <div class='ocr_carea' id='block_1_8' title="bbox 396 1637 1292 1687">
    <p class='ocr_par' dir='ltr' id='par_1_12' title="bbox 396 1637 1292 1687">
     <span class='ocr_line' id='line_1_23' title="bbox 396 1637 1292 1687; baseline -0.016 0"><span class='ocrx_word' id='word_1_151' title='bbox 396 1650 436 1687; x_wconf 82' lang='lat' dir='ltr'>F.</span> <span class='ocrx_word' id='word_1_152' title='bbox 466 1648 722 1685; x_wconf 78' lang='lat' dir='ltr'>Monumenta</span> <span class='ocrx_word' id='word_1_153' title='bbox 755 1640 985 1680; x_wconf 87' lang='lat' dir='ltr'>viennensia</span> <span class='ocrx_word' id='word_1_154' title='bbox 1018 1637 1292 1676; x_wconf 82' lang='grc'>1551-1556,</span> 
     </span>
    </p>
   </div>
   <div class='ocr_carea' id='block_1_9' title="bbox 469 1710 1839 2142">
    <p class='ocr_par' dir='ltr' id='par_1_13' title="bbox 469 1710 1728 1767">
     <span class='ocr_line' id='line_1_24' title="bbox 469 1710 1728 1767; baseline -0.015 -10"><span class='ocrx_word' id='word_1_155' title='bbox 469 1723 503 1767; x_wconf 84' lang='lat' dir='ltr'>a)</span> <span class='ocrx_word' id='word_1_156' title='bbox 533 1721 697 1757; x_wconf 86' lang='lat' dir='ltr'>Canisius</span> <span class='ocrx_word' id='word_1_157' title='bbox 722 1719 789 1753; x_wconf 84' lang='lat' dir='ltr'>Vie</span> <span class='ocrx_word' id='word_1_158' title='bbox 817 1729 900 1752; x_wconf 90' lang='lat' dir='ltr'>nam</span> <span class='ocrx_word' id='word_1_159' title='bbox 927 1717 1098 1750; x_wconf 83' lang='lat' dir='ltr'>evocatus</span> <span class='ocrx_word' id='word_1_160' title='bbox 1128 1710 1359 1747; x_wconf 80' lang='lat'>1551—1552</span> <span class='ocrx_word' id='word_1_161' title='bbox 1405 1737 1410 1742; x_wconf 95' lang='lat'>.</span> <span class='ocrx_word' id='word_1_162' title='bbox 1510 1736 1516 1741; x_wconf 95' lang='lat'>.</span> <span class='ocrx_word' id='word_1_163' title='bbox 1617 1735 1622 1739; x_wconf 93' lang='lat'>.</span> <span class='ocrx_word' id='word_1_164' title='bbox 1724 1734 1728 1739; x_wconf 93' lang='lat'>.</span> 
     </span>
    </p>

    <p class='ocr_par' dir='ltr' id='par_1_14' title="bbox 470 1758 1836 1820">
     <span class='ocr_line' id='line_1_25' title="bbox 470 1758 1836 1820; baseline -0.015 -9"><span class='ocrx_word' id='word_1_165' title='bbox 470 1777 507 1820; x_wconf 83' lang='lat' dir='ltr'>b)</span> <span class='ocrx_word' id='word_1_166' title='bbox 537 1776 634 1818; x_wconf 83' lang='lat' dir='ltr'>Quae</span> <span class='ocrx_word' id='word_1_167' title='bbox 661 1773 827 1808; x_wconf 84' lang='lat' dir='ltr'>Canisius</span> <span class='ocrx_word' id='word_1_168' title='bbox 852 1771 888 1805; x_wconf 92' lang='lat' dir='ltr'>in</span> <span class='ocrx_word' id='word_1_169' title='bbox 915 1768 1150 1804; x_wconf 73' lang='lat' dir='ltr'>universitate</span> <span class='ocrx_word' id='word_1_170' title='bbox 1176 1763 1362 1799; x_wconf 79' lang='lat' dir='ltr'>viennensi</span> <span class='ocrx_word' id='word_1_171' title='bbox 1389 1761 1543 1806; x_wconf 76' lang='lat' dir='ltr'>gesserit</span> <span class='ocrx_word' id='word_1_172' title='bbox 1570 1758 1800 1794; x_wconf 81' lang='lat'>1554-—1555</span> <span class='ocrx_word' id='word_1_173' title='bbox 1830 1785 1836 1791; x_wconf 90' lang='lat'><em>.</em></span> 
     </span>
    </p>

    <p class='ocr_par' dir='ltr' id='par_1_15' title="bbox 471 1811 1838 1924">
     <span class='ocr_line' id='line_1_26' title="bbox 471 1811 1838 1875; baseline -0.016 -10"><span class='ocrx_word' id='word_1_174' title='bbox 471 1830 505 1875; x_wconf 83' lang='lat' dir='ltr'>c)</span> <span class='ocrx_word' id='word_1_175' title='bbox 535 1830 692 1864; x_wconf 85' lang='lat' dir='ltr'>Conatus</span> <span class='ocrx_word' id='word_1_176' title='bbox 719 1827 879 1860; x_wconf 80' lang='lat' dir='ltr'>Viennae</span> <span class='ocrx_word' id='word_1_177' title='bbox 906 1826 941 1858; x_wconf 87' lang='lat' dir='ltr'>et</span> <span class='ocrx_word' id='word_1_178' title='bbox 967 1822 1047 1856; x_wconf 85' lang='lat' dir='ltr'>aliis</span> <span class='ocrx_word' id='word_1_179' title='bbox 1074 1820 1242 1854; x_wconf 86' lang='lat' dir='ltr'>Austriae</span> <span class='ocrx_word' id='word_1_180' title='bbox 1268 1817 1355 1851; x_wconf 89' lang='lat' dir='ltr'>locis</span> <span class='ocrx_word' id='word_1_181' title='bbox 1382 1816 1424 1849; x_wconf 88' lang='lat' dir='ltr'>ad</span> <span class='ocrx_word' id='word_1_182' title='bbox 1453 1815 1590 1848; x_wconf 83' lang='lat' dir='ltr'>animas</span> <span class='ocrx_word' id='word_1_183' title='bbox 1616 1811 1791 1846; x_wconf 80' lang='lat' dir='ltr'>iuvandas</span> <span class='ocrx_word' id='word_1_184' title='bbox 1817 1822 1838 1844; x_wconf 87' lang='lat' dir='ltr'>a</span> 
     </span>
     <span class='ocr_line' id='line_1_27' title="bbox 537 1869 1519 1924; baseline -0.017 -7"><span class='ocrx_word' id='word_1_185' title='bbox 537 1882 679 1917; x_wconf 87' lang='lat' dir='ltr'>Canisio</span> <span class='ocrx_word' id='word_1_186' title='bbox 705 1879 878 1924; x_wconf 90' lang='lat' dir='ltr'>suscepti:</span> <span class='ocrx_word' id='word_1_187' title='bbox 906 1875 1130 1911; x_wconf 88' lang='lat' dir='ltr'>contionibus</span> <span class='ocrx_word' id='word_1_188' title='bbox 1156 1875 1223 1907; x_wconf 88' lang='lat' dir='ltr'>etc.</span> <span class='ocrx_word' id='word_1_189' title='bbox 1252 1869 1484 1905; x_wconf 77' lang='lat'>155‘2——1555</span> <span class='ocrx_word' id='word_1_190' title='bbox 1513 1896 1519 1901; x_wconf 95' lang='lat'>.</span> 
     </span>
    </p>

    <p class='ocr_par' dir='ltr' id='par_1_16' title="bbox 473 1921 1636 1980">
     <span class='ocr_line' id='line_1_28' title="bbox 473 1921 1636 1980; baseline -0.016 -9"><span class='ocrx_word' id='word_1_191' title='bbox 473 1938 508 1980; x_wconf 80' lang='lat' dir='ltr'>d)</span> <span class='ocrx_word' id='word_1_192' title='bbox 540 1934 754 1971; x_wconf 86' lang='lat' dir='ltr'>Catechismi</span> <span class='ocrx_word' id='word_1_193' title='bbox 781 1933 941 1966; x_wconf 87' lang='lat' dir='ltr'>Viennae</span> <span class='ocrx_word' id='word_1_194' title='bbox 969 1942 989 1964; x_wconf 86' lang='lat' dir='ltr'>a</span> <span class='ocrx_word' id='word_1_195' title='bbox 1015 1927 1157 1964; x_wconf 87' lang='lat' dir='ltr'>Canisio</span> <span class='ocrx_word' id='word_1_196' title='bbox 1184 1923 1375 1968; x_wconf 78' lang='lat' dir='ltr'>conscripti</span> <span class='ocrx_word' id='word_1_197' title='bbox 1404 1921 1636 1956; x_wconf 71' lang='grc'>1552-1556</span> 
     </span>
    </p>

    <p class='ocr_par' dir='ltr' id='par_1_17' title="bbox 474 1971 1839 2077">
     <span class='ocr_line' id='line_1_29' title="bbox 474 1971 1839 2034; baseline -0.016 -9"><span class='ocrx_word' id='word_1_198' title='bbox 474 1992 507 2034; x_wconf 87' lang='lat' dir='ltr'>e)</span> <span class='ocrx_word' id='word_1_199' title='bbox 538 1989 774 2034; x_wconf 80' lang='lat' dir='ltr'>Episcopatus</span> <span class='ocrx_word' id='word_1_200' title='bbox 801 1983 1005 2019; x_wconf 86' lang='lat' dir='ltr'>viennensis</span> <span class='ocrx_word' id='word_1_201' title='bbox 1032 1994 1052 2016; x_wconf 90' lang='lat' dir='ltr'>a</span> <span class='ocrx_word' id='word_1_202' title='bbox 1080 1980 1221 2015; x_wconf 86' lang='lat' dir='ltr'>Canisio</span> <span class='ocrx_word' id='word_1_203' title='bbox 1256 1980 1310 2011; x_wconf 85' lang='lat' dir='ltr'>ter</span> <span class='ocrx_word' id='word_1_204' title='bbox 1336 1977 1523 2010; x_wconf 86' lang='lat' dir='ltr'>recusatus</span> <span class='ocrx_word' id='word_1_205' title='bbox 1550 1976 1585 2007; x_wconf 90' lang='lat' dir='ltr'>et</span> <span class='ocrx_word' id='word_1_206' title='bbox 1619 1971 1839 2015; x_wconf 82' lang='lat' dir='ltr'>aliquamdiu</span> 
     </span>
     <span class='ocr_line' id='line_1_30' title="bbox 537 2036 1306 2077; baseline -0.018 0"><span class='ocrx_word' id='word_1_207' title='bbox 537 2042 808 2077; x_wconf 85' lang='lat' dir='ltr'>administratus</span> <span class='ocrx_word' id='word_1_208' title='bbox 837 2036 1067 2072; x_wconf 82' lang='grc'>1553-1556</span> <span class='ocrx_word' id='word_1_209' title='bbox 1089 2063 1094 2068; x_wconf 96' lang='grc'><em>.</em></span> <span class='ocrx_word' id='word_1_210' title='bbox 1301 2059 1306 2063; x_wconf 94' lang='grc'>.</span> 
     </span>
    </p>

    <p class='ocr_par' dir='ltr' id='par_1_18' title="bbox 476 2084 1413 2142">
     <span class='ocr_line' id='line_1_31' title="bbox 476 2084 1413 2142; baseline -0.017 -11"><span class='ocrx_word' id='word_1_211' title='bbox 476 2095 664 2142; x_wconf 71' lang='lat' dir='ltr'>Appendix</span> <span class='ocrx_word' id='word_1_212' title='bbox 689 2094 997 2128; x_wconf 85' lang='lat' dir='ltr'>monumentorum</span> <span class='ocrx_word' id='word_1_213' title='bbox 1024 2086 1270 2122; x_wconf 87' lang='lat' dir='ltr'>viennensium</span> <span class='ocrx_word' id='word_1_214' title='bbox 1301 2084 1413 2117; x_wconf 72' lang='grc'>1554,</span> 
     </span>
    </p>
   </div>
   <div class='ocr_carea' id='block_1_10' title="bbox 283 2164 1843 2568">
    <p class='ocr_par' dir='ltr' id='par_1_19' title="bbox 283 2164 1843 2568">
     <span class='ocr_line' id='line_1_32' title="bbox 403 2164 1268 2220; baseline -0.016 -7"><span class='ocrx_word' id='word_1_215' title='bbox 403 2176 446 2213; x_wconf 76' lang='lat' dir='ltr'>G.</span> <span class='ocrx_word' id='word_1_216' title='bbox 476 2175 729 2212; x_wconf 81' lang='lat' dir='ltr'>Monumenta</span> <span class='ocrx_word' id='word_1_217' title='bbox 756 2168 966 2220; x_wconf 78' lang='lat' dir='ltr'>pragensia</span> <span class='ocrx_word' id='word_1_218' title='bbox 996 2164 1268 2204; x_wconf 72' lang='lat'>1554—1556.</span> 
     </span>
     <span class='ocr_line' id='line_1_33' title="bbox 478 2228 1841 2292; baseline -0.018 -8"><span class='ocrx_word' id='word_1_219' title='bbox 478 2249 512 2292; x_wconf 82' lang='lat' dir='ltr'>a)</span> <span class='ocrx_word' id='word_1_220' title='bbox 542 2237 690 2291; x_wconf 82' lang='lat' dir='ltr'>Collegii</span> <span class='ocrx_word' id='word_1_221' title='bbox 716 2244 904 2291; x_wconf 80' lang='lat' dir='ltr'>pragensis</span> <span class='ocrx_word' id='word_1_222' title='bbox 930 2243 1044 2288; x_wconf 84' lang='lat' dir='ltr'>prima</span> <span class='ocrx_word' id='word_1_223' title='bbox 1069 2238 1240 2274; x_wconf 86' lang='lat' dir='ltr'>sementis</span> <span class='ocrx_word' id='word_1_224' title='bbox 1266 2248 1286 2271; x_wconf 87' lang='lat' dir='ltr'>a</span> <span class='ocrx_word' id='word_1_225' title='bbox 1313 2234 1454 2270; x_wconf 85' lang='lat' dir='ltr'>Canisio</span> <span class='ocrx_word' id='word_1_226' title='bbox 1486 2233 1581 2266; x_wconf 80' lang='lat' dir='ltr'>facta</span> <span class='ocrx_word' id='word_1_227' title='bbox 1613 2228 1841 2264; x_wconf 77' lang='lat'>1554—1555</span> 
     </span>
     <span class='ocr_line' id='line_1_34' title="bbox 480 2281 1842 2346; baseline -0.017 -10"><span class='ocrx_word' id='word_1_228' title='bbox 480 2304 515 2346; x_wconf 84' lang='lat' dir='ltr'>b)</span> <span class='ocrx_word' id='word_1_229' title='bbox 545 2301 740 2344; x_wconf 82' lang='lat' dir='ltr'>Collegium</span> <span class='ocrx_word' id='word_1_230' title='bbox 768 2308 943 2344; x_wconf 77' lang='lat' dir='ltr'>pragense</span> <span class='ocrx_word' id='word_1_231' title='bbox 969 2307 989 2330; x_wconf 87' lang='lat' dir='ltr'>a</span> <span class='ocrx_word' id='word_1_232' title='bbox 1009 2293 1150 2328; x_wconf 86' lang='lat' dir='ltr'>Canisio</span> <span class='ocrx_word' id='word_1_233' title='bbox 1176 2290 1421 2326; x_wconf 81' lang='lat' dir='ltr'>constitutum.</span> <span class='ocrx_word' id='word_1_234' title='bbox 1457 2286 1574 2321; x_wconf 85' lang='lat' dir='ltr'>Causa</span> <span class='ocrx_word' id='word_1_235' title='bbox 1599 2282 1780 2327; x_wconf 80' lang='lat' dir='ltr'>religionis</span> <span class='ocrx_word' id='word_1_236' title='bbox 1799 2281 1842 2315; x_wconf 86' lang='lat' dir='ltr'>ab</span> 
     </span>
     <span class='ocr_line' id='line_1_35' title="bbox 545 2349 1099 2389; baseline -0.014 0"><span class='ocrx_word' id='word_1_237' title='bbox 545 2355 667 2389; x_wconf 81' lang='lat' dir='ltr'>codem</span> <span class='ocrx_word' id='word_1_238' title='bbox 695 2353 816 2387; x_wconf 82' lang='lat' dir='ltr'>adiuta</span> <span class='ocrx_word' id='word_1_239' title='bbox 844 2349 1099 2385; x_wconf 72' lang='lat'>1555-1557,</span> 
     </span>
     <span class='ocr_line' id='line_1_36' title="bbox 304 2419 1721 2491; baseline -0.016 -8"><span class='ocrx_word' id='word_1_240' title='bbox 304 2442 375 2483; x_wconf 84' lang='lat' dir='ltr'>XI.</span> <span class='ocrx_word' id='word_1_241' title='bbox 408 2440 544 2481; x_wconf 84' lang='lat' dir='ltr'>Index</span> <span class='ocrx_word' id='word_1_242' title='bbox 575 2435 874 2491; x_wconf 87' lang='lat' dir='ltr'>alphabeticus</span> <span class='ocrx_word' id='word_1_243' title='bbox 906 2446 1065 2481; x_wconf 88' lang='lat' dir='ltr'>eorum,</span> <span class='ocrx_word' id='word_1_244' title='bbox 1099 2430 1151 2472; x_wconf 84' lang='lat' dir='ltr'>ad</span> <span class='ocrx_word' id='word_1_245' title='bbox 1186 2441 1292 2481; x_wconf 86' lang='lat' dir='ltr'>quos</span> <span class='ocrx_word' id='word_1_246' title='bbox 1324 2424 1518 2468; x_wconf 76' lang='lat' dir='ltr'>Caiiisius</span> <span class='ocrx_word' id='word_1_247' title='bbox 1550 2419 1721 2474; x_wconf 83' lang='lat' dir='ltr'>scripsit</span> 
     </span>
     <span class='ocr_line' id='line_1_37' title="bbox 283 2496 1843 2568; baseline -0.016 -9"><span class='ocrx_word' id='word_1_248' title='bbox 283 2517 375 2559; x_wconf 83' lang='lat' dir='ltr'>XII.</span> <span class='ocrx_word' id='word_1_249' title='bbox 409 2515 546 2558; x_wconf 82' lang='lat' dir='ltr'>Index</span> <span class='ocrx_word' id='word_1_250' title='bbox 578 2511 876 2568; x_wconf 85' lang='lat' dir='ltr'>alphabeticus</span> <span class='ocrx_word' id='word_1_251' title='bbox 909 2522 1067 2558; x_wconf 83' lang='lat' dir='ltr'>eorum,</span> <span class='ocrx_word' id='word_1_252' title='bbox 1102 2505 1173 2559; x_wconf 91' lang='lat' dir='ltr'>qui</span> <span class='ocrx_word' id='word_1_253' title='bbox 1206 2505 1260 2547; x_wconf 79' lang='lat' dir='ltr'>ad</span> <span class='ocrx_word' id='word_1_254' title='bbox 1292 2501 1507 2545; x_wconf 85' lang='lat' dir='ltr'>Canisium</span> <span class='ocrx_word' id='word_1_255' title='bbox 1540 2496 1803 2551; x_wconf 81' lang='lat' dir='ltr'>scripserunt</span> <span class='ocrx_word' id='word_1_256' title='bbox 1838 2526 1843 2532; x_wconf 96' lang='lat'>.</span> 
     </span>
    </p>
   </div>
   <div class='ocr_carea' id='block_1_11' title="bbox 258 2569 1844 2643">
    <p class='ocr_par' dir='ltr' id='par_1_20' title="bbox 258 2569 1844 2643">
     <span class='ocr_line' id='line_1_38' title="bbox 258 2569 1844 2643; baseline -0.016 -9"><span class='ocrx_word' id='word_1_257' title='bbox 258 2594 372 2635; x_wconf 79' lang='lat' dir='ltr'>XIII.</span> <span class='ocrx_word' id='word_1_258' title='bbox 406 2592 542 2633; x_wconf 83' lang='lat' dir='ltr'>Index</span> <span class='ocrx_word' id='word_1_259' title='bbox 574 2587 870 2643; x_wconf 85' lang='lat' dir='ltr'>alphabeticus</span> <span class='ocrx_word' id='word_1_260' title='bbox 902 2583 1119 2627; x_wconf 87' lang='lat' dir='ltr'>nominum</span> <span class='ocrx_word' id='word_1_261' title='bbox 1153 2583 1198 2623; x_wconf 90' lang='lat' dir='ltr'>et</span> <span class='ocrx_word' id='word_1_262' title='bbox 1228 2591 1371 2621; x_wconf 78' lang='lat' dir='ltr'>rerum</span> <span class='ocrx_word' id='word_1_263' title='bbox 1404 2575 1528 2617; x_wconf 84' lang='lat' dir='ltr'>huius</span> <span class='ocrx_word' id='word_1_264' title='bbox 1559 2569 1788 2614; x_wconf 83' lang='lat' dir='ltr'>voluminis</span> <span class='ocrx_word' id='word_1_265' title='bbox 1838 2600 1844 2607; x_wconf 97' lang='lat'>.</span> 
     </span>
    </p>
   </div>
   <div class='ocr_carea' id='block_1_12' title="bbox 1910 302 1981 333">
    <p class='ocr_par' dir='ltr' id='par_1_21' title="bbox 1910 302 1981 333">
     <span class='ocr_line' id='line_1_39' title="bbox 1910 302 1981 333; baseline 0 -6"><span class='ocrx_word' id='word_1_266' title='bbox 1910 302 1981 333; x_wconf 54' lang='lat' dir='ltr'>Hm.</span> 
     </span>
    </p>
   </div>
   <div class='ocr_carea' id='block_1_13' title="bbox 1914 413 1982 500">
    <p class='ocr_par' dir='ltr' id='par_1_22' title="bbox 1914 413 1982 500">
     <span class='ocr_line' id='line_1_40' title="bbox 1914 413 1979 447; baseline -0.015 0"><span class='ocrx_word' id='word_1_267' title='bbox 1914 413 1979 447; x_wconf 76' lang='lat'>657</span> 
     </span>
     <span class='ocr_line' id='line_1_41' title="bbox 1916 466 1982 500; baseline 0 0"><span class='ocrx_word' id='word_1_268' title='bbox 1916 466 1982 500; x_wconf 70' lang='lat'>668</span> 
     </span>
    </p>
   </div>
   <div class='ocr_carea' id='block_1_14' title="bbox 1915 573 1984 746">
    <p class='ocr_par' dir='ltr' id='par_1_23' title="bbox 1915 573 1984 746">
     <span class='ocr_line' id='line_1_42' title="bbox 1915 573 1982 606; baseline 0.015 -1"><span class='ocrx_word' id='word_1_269' title='bbox 1915 573 1982 606; x_wconf 72' lang='lat'>674</span> 
     </span>
     <span class='ocr_line' id='line_1_43' title="bbox 1919 713 1984 746; baseline 0.031 -3"><span class='ocrx_word' id='word_1_270' title='bbox 1919 713 1984 746; x_wconf 69' lang='lat'>(577</span> 
     </span>
    </p>
   </div>
   <div class='ocr_carea' id='block_1_15' title="bbox 1921 866 1998 1371">
    <p class='ocr_par' dir='ltr' id='par_1_24' title="bbox 1921 866 1998 1371">
     <span class='ocr_line' id='line_1_44' title="bbox 1921 866 1988 900; baseline 0.015 -1"><span class='ocrx_word' id='word_1_271' title='bbox 1921 866 1988 900; x_wconf 47' lang='lat'>(5⁸0</span> 
     </span>
     <span class='ocr_line' id='line_1_45' title="bbox 1922 920 1984 953; baseline 0.032 -3"><span class='ocrx_word' id='word_1_272' title='bbox 1922 920 1984 953; x_wconf 55' lang='lat'>⁴381</span> 
     </span>
     <span class='ocr_line' id='line_1_46' title="bbox 1922 974 1989 1007; baseline -0.03 0"><span class='ocrx_word' id='word_1_273' title='bbox 1922 974 1989 1007; x_wconf 66' lang='lat'>685</span> 
     </span>
     <span class='ocr_line' id='line_1_47' title="bbox 1926 1126 1992 1159; baseline 0.045 -4"><span class='ocrx_word' id='word_1_274' title='bbox 1926 1126 1992 1159; x_wconf 65' lang='lat'>(586</span> 
     </span>
     <span class='ocr_line' id='line_1_48' title="bbox 1927 1231 1994 1265; baseline -0.015 0"><span class='ocrx_word' id='word_1_275' title='bbox 1927 1231 1994 1265; x_wconf 78' lang='lat'>692</span> 
     </span>
     <span class='ocr_line' id='line_1_49' title="bbox 1931 1336 1998 1371; baseline 0 -2"><span class='ocrx_word' id='word_1_276' title='bbox 1931 1336 1998 1371; x_wconf 73' lang='lat'>698</span> 
     </span>
    </p>
   </div>
   <div class='ocr_carea' id='block_1_16' title="bbox 1933 1443 1998 1477">
    <p class='ocr_par' dir='ltr' id='par_1_25' title="bbox 1933 1443 1998 1477">
     <span class='ocr_line' id='line_1_50' title="bbox 1933 1443 1998 1477; baseline 0.015 -1"><span class='ocrx_word' id='word_1_277' title='bbox 1933 1443 1998 1477; x_wconf 75' lang='lat'>709</span> 
     </span>
    </p>
   </div>
   <div class='ocr_carea' id='block_1_17' title="bbox 1933 1550 1999 1584">
    <p class='ocr_par' dir='ltr' id='par_1_26' title="bbox 1933 1550 1999 1584">
     <span class='ocr_line' id='line_1_51' title="bbox 1933 1550 1999 1584; baseline 0 -1"><span class='ocrx_word' id='word_1_278' title='bbox 1933 1550 1999 1584; x_wconf 75' lang='lat'>713</span> 
     </span>
    </p>
   </div>
  </div>
 </body>
</html>
