2113 3430
380 212 435 247 92.
470 212 650 247 Polancus
676 212 829 248 Canisio.
875 213 928 247 16.
955 213 1113 256 Augusti
1138 215 1175 248 et
1202 214 1255 248 16.
1283 214 1502 259 Septembris
1530 215 1630 251 1550.
1801 220 1884 260 329

128 331 287 368 cattolice·
308 332 328 367 ¹.
383 330 511 367 Sicch&
548 330 633 367 Z'Ieo
662 335 844 379 pressam,
882 332 945 368 eleo
973 336 1178 380 (cspettasse
1206 332 1234 368 fil
1260 333 1430 380 ῃὶῑιᾶίεἱο
1459 334 1499 369 dt?
1528 334 1567 371 V.
1598 335 1669 381 st,-
1710 337 1887 372 massimst

127 391 189 427 che
227 390 377 426 essendo
414 390 561 438 letiore,
602 390 770 426 rettore²
807 403 824 426 e
845 391 1086 438 predicatore
1116 391 1211 427 nella
1241 390 1477 440 Um'rersitd,
1517 406 1588 429 non
1625 395 1679 442 μὴ’
1718 395 1887 431 manche-

126 460 249 486 ramzo
275 449 451 496 faceencle
479 449 518 484 al
538 444 748 497 presentef‘

960 578 1052 619 92.

543 682 607 723 P.
639 680 957 724 10ANNES
990 681 1088 724 DE
1121 682 1462 727 POLANOO

824 773 964 807 nomine
992 773 1025 808 S.
1053 775 1185 818 Ignatii

869 870 1142 918 CANISIO.

564 994 675 1031 Roma
700 994 748 1031 16.
774 994 932 1041 Augusti
958 997 995 1031 et
1021 994 1068 1031 16.
1097 995 1320 1042 Septembris
1347 996 1441 1032 1550.

242 1095 297 1129 Ex
325 1096 588 1139 „Monumeniis
613 1093 814 1128 722'st0r2·eis“
842 1094 875 1129 S.
904 1095 937 1129 J.
964 1094 987 1129 l.
1015 1107 1044 1129 c.
1071 1107 1104 1139 p.
1132 1095 1187 1136 80,
1214 1095 1332 1130 adnot.
1360 1096 1391 1130 2.

244 1195 476 1243 ‚,Polancus‚
518 1207 563 1231 ex
590 1196 869 1242 connais-sione,
898 1195 1010 1231 Petro
1039 1193 1215 1243 (L'anz‘sio,
1254 1195 1297 1230 dr
1327 1195 1482 1231 Neu-olas)
1512 1196 1700 1232 (Marciano
1729 1196 1884 1244 (jusque

125 1256 163 1291 in
194 1255 327 1290 itinere
354 1255 451 1290 sorio
479 1253 592 1290 Petro
619 1253 834 1291 Sehore'eln‘o
852 1255 878 1302 ³,
908 1254 959 1289 16
988 1254 1154 1301 Auffltste'
1183 1258 1215 1290 et
1246 1254 1296 1289 16
1325 1251 1578 1301 ,septonia-M
1607 1253 1767 1301 [1550]

246 1427 255 1447 ¹
282 1426 350 1460 Diu
377 1428 459 1460 ante
479 1425 661 1460 Canisium
686 1445 732 1448 —
757 1428 865 1469 atque
891 1425 950 1459 diu
977 1425 1085 1459 etiam
1112 1428 1195 1460 ante
1214 1426 1410 1460 Lutherum
1437 1446 1481 1450 —
1507 1427 1646 1460 initium
1673 1427 1810 1461 factum
1829 1429 1883 1461 est

125 1480 422 1514 catechismorum
449 1479 769 1524 componendorum
796 1479 874 1513 sive
900 1479 1116 1520 libellorum,
1154 1479 1283 1523 quibus
1309 1480 1368 1513 via
1394 1482 1430 1514 et
1456 1479 1592 1514 ratione
1619 1480 1796 1514 elementa
1821 1480 1883 1514 illa

124 1533 305 1567 doctrinae
332 1532 548 1567 christianae
573 1531 732 1566 breviter
757 1532 1163 1576 comprehenderentur,
1199 1544 1291 1577 quae
1326 1532 1478 1567 ecclesia
1514 1533 1556 1567 ab
1592 1533 1667 1578 ipso
1703 1535 1783 1567 ortu
1818 1544 1883 1567 suo

123 1586 243 1630 pueris
261 1586 413 1630 aliisque
434 1586 516 1620 fidei
539 1585 675 1629 ignaris
692 1597 781 1619 voce
798 1585 974 1627 tradebat,
1002 1597 1164 1630 quaeque
1190 1585 1314 1620 statim
1340 1588 1421 1631 post
1446 1588 1560 1620 artem
1585 1586 1883 1631 typographicam

123 1640 307 1673 inventam
332 1638 527 1673 innumeris
553 1638 852 1683 explicationibus
878 1639 1033 1683 symboli
1059 1639 1257 1684 apostolici,
1285 1639 1454 1674 orationis
1478 1639 1685 1681 dominicae,
1712 1639 1883 1683 decalogi,

128 1693 302 1738 „speculis
328 1693 562 1737 peccatoris“,
603 1692 812 1735 „Poeniteas
839 1692 944 1733 cito⁶‘,
984 1692 1141 1734 „artibus
1175 1693 1264 1726 bene
1300 1692 1492 1726 mor-iendi“
1535 1696 1571 1727 et
1604 1693 1684 1727 aliis
1712 1693 1883 1727 eiusmodi

123 1745 252 1780 libellis
278 1746 388 1789 vulgo
414 1747 658 1790 proposuerat.
709 1745 847 1789 Atque,
883 1747 923 1779 ut
949 1745 991 1779 de
1017 1745 1094 1779 sola
1121 1745 1313 1780 Germania
1347 1746 1504 1789 dicatur,
1541 1746 1781 1780 catechismus
1813 1746 1883 1787 ille,

124 1799 183 1843 qui
215 1799 518 1841 „Fundamentum
545 1801 713 1832 aeternae
747 1798 952 1832 felicitatis“
992 1799 1217 1841 inscribitur,
1254 1811 1344 1833 anno
1374 1800 1462 1834 1498
1490 1799 1656 1833 Coloniae
1694 1800 1729 1833 in
1767 1799 1883 1833 lucem

124 1852 276 1886 emissus
312 1854 347 1886 et
382 1855 464 1886 ante
500 1864 531 1886 a.
562 1852 651 1887 1510
686 1851 871 1885 minimum
906 1852 1026 1886 sexies
1061 1852 1178 1886 editus
1214 1854 1279 1886 est.
1330 1852 1424 1886 Ante
1459 1865 1490 1886 a.
1520 1852 1610 1887 1550
1647 1852 1884 1887 catechismos

124 1905 320 1940 catholicos
337 1905 373 1940 in
393 1905 584 1940 Germania
605 1905 895 1950 conscripserunt
920 1906 1070 1939 Ioannes
1089 1905 1262 1951 Gropper,
1288 1906 1438 1940 Ioannes
1465 1906 1507 1939 de
1525 1906 1650 1940 Maltiz
1679 1906 1884 1951 (episcopus

123 1958 343 2002 misnensis),
371 1958 548 2003 Georgius
572 1958 717 1999 Witzel,
747 1957 903 1992 Michael
929 1958 1087 2002 Helding
1115 1959 1321 2004 (episcopus
1347 1960 1596 2002 suffraganeus
1621 1959 1883 2003 moguntinus).

124 2012 253 2046 Petrus
280 2012 322 2046 de
349 2011 433 2046 Soto
460 2011 501 2046 Ο.
528 2012 597 2053 Pr.,
624 2012 777 2046 Ioannes
802 2011 1062 2055 Dietenberger
1089 2011 1129 2045 O.
1156 2012 1214 2046 Pr.
1243 2017 1309 2046 etc.
1344 2012 1616 2056 Dietenbergeri
1641 2012 1883 2046 catechismus

124 2066 206 2098 ante
230 2076 260 2099 a.
282 2065 372 2099 1550
398 2065 510 2099 octies
537 2064 655 2098 editus
681 2066 756 2105 est;
782 2065 899 2110 priore
925 2066 1028 2110 parte
1054 2065 1190 2099 saeculi
1208 2065 1302 2099 XVI.
1332 2079 1349 2098 e
1375 2065 1460 2099 solis
1486 2065 1595 2110 prelis
1621 2065 1883 2100 coloniensibus

122 2119 259 2162 septem
296 2118 429 2152 diversi
464 2117 673 2152 catechismi
708 2118 876 2152 catholici
920 2118 1129 2163 prodierunt
1166 2119 1259 2161 (Nic.
1296 2120 1432 2152 Paulus
1474 2119 1510 2152 in
1549 2118 1640 2161 „Der
1674 2119 1882 2159 Katholik‘,

123 2170 178 2205 73.
206 2171 331 2214 Jahrg.
367 2171 499 2215 [Mainz
538 2170 641 2215 1893]
677 2183 709 2216 p.
738 2171 935 2206 ssa—384.
978 2173 1043 2205 Fr.
1070 2173 1121 2206 W.
1147 2173 1300 2216 Bc‘lrgyel,
1337 2172 1551 2207 Geschichte
1587 2172 1649 2206 des
1684 2172 1883 2216 Religions-

121 2224 340 2259 unterrichts
366 2225 402 2258 in
429 2225 491 2259 der
516 2224 767 2259 katholischen
793 2224 1034 2259 Volksschule
1061 2224 1194 2268 [Gotha
1214 2225 1318 2269 1890]
1346 2238 1378 2269 p.
1398 2226 1548 2260 50—96.
1587 2226 1651 2259 Fr.
1681 2227 1708 2259 I.
1735 2227 1883 2270 Knecht,

126 2277 417 2319 „Katechismus⁴‘
456 2278 492 2312 in
527 2278 675 2312 Wetzer
711 2278 783 2312 und
818 2277 959 2312 Weltes
994 2277 1319 2319 Kirchenlexikon,
1355 2280 1387 2312 2.
1417 2279 1527 2319 Aufl„
1562 2278 1649 2320 VII,
1685 2278 1883 2313 288—316.

122 2331 161 2364 P.
179 2332 396 2375 Balalmann,
422 2331 689 2365 Deutschlands
715 2331 942 2365 katholische
968 2331 1224 2366 Katechismen
1251 2332 1308 2366 bis
1334 2343 1413 2366 zum
1433 2332 1532 2366 Ende
1558 2331 1620 2366 dos
1646 2331 1885 2366 sechzehnten

122 2383 385 2419 Jahrhunderts
422 2383 601 2429 [Miinster
638 2384 743 2428 1894]
779 2396 812 2429 p.
848 2384 993 2428 3—33).
1044 2385 1178 2419 Verum
1214 2397 1294 2419 cum
1329 2385 1453 2419 horum
1489 2384 1788 2419 catechismorum
1825 2385 1883 2419 alii

121 2437 301 2480 longiores
328 2440 458 2479 essent,
485 2438 546 2472 alii
571 2438 771 2483 imperfecti
798 2437 856 2472 vel
884 2437 1015 2479 vitiosi,
1043 2437 1102 2472 alii
1130 2438 1327 2472 doctrinam
1354 2450 1421 2471 non
1449 2437 1673 2472 continerent
1699 2450 1761 2483 per
1779 2450 1885 2482 quae—

121 2490 255 2524 stiones
282 2493 318 2524 et
342 2491 592 2536 responsiones
619 2491 839 2536 dispositam,
867 2491 1008 2525 Canisio
1035 2491 1155 2525 nullus
1182 2492 1276 2525 omni
1304 2504 1348 2525 ex
1374 2493 1476 2536 parte
1502 2491 1730 2535 probabatur.

241 2554 254 2574 2
281 2553 444 2589 Canisius
478 2556 599 2589 tamen
634 2557 751 2589 rector
784 2554 1033 2589 universitatis
1061 2555 1198 2590 electus
1225 2557 1281 2589 est
1310 2556 1362 2590 18.
1391 2554 1556 2589 Octobris
1586 2555 1696 2595 1550:
1734 2567 1779 2589 ex
1817 2555 1883 2590 hac

123 2608 241 2640 autem
269 2607 423 2652 epistula
450 2608 563 2642 conici
588 2609 708 2652 potest
733 2619 813 2642 eum
840 2608 910 2642 iam
937 2610 1044 2643 antea
1070 2609 1114 2643 ad
1140 2609 1175 2642 id
1201 2620 1331 2642 munus
1358 2608 1574 2642 destinatum
1602 2608 1724 2642 fuisse.

242 2672 254 2691 ³
281 2671 522 2706 Salmeronem
557 2672 670 2706 Iulius
696 2671 757 2705 ΙΙΙ.
794 2675 829 2706 et
864 2671 899 2707 S.
925 2672 1089 2716 ignatius
1116 2672 1298 2713 Veronae,
1334 2672 1527 2717 Lipomano
1563 2671 1728 2716 episcopo
1765 2675 1883 2717 postu-

122 2724 229 2765 lante,
257 2727 522 2759 concesserunt.
566 2726 690 2769 Itaque
718 2724 901 2759 Salmeron
928 2725 1149 2769 Ingolstadio
1175 2726 1263 2760 abiit
1289 2727 1323 2759 et
1353 2726 1406 2759 11.
1434 2725 1654 2769 Septembris
1680 2727 1882 2769 Augustam

121 2777 286 2819 advenit,
319 2790 388 2821 quo
415 2778 446 2812 9.
474 2777 694 2822 Septembris
721 2790 766 2812 ex
792 2778 897 2812 ltalia
923 2781 1098 2813 venerant
1123 2779 1163 2813 P.
1190 2778 1360 2812 Nicolaus
1387 2778 1581 2812 Goudanus
1609 2780 1644 2812 ot
1670 2778 1726 2812 Fr.
1753 2779 1883 2814 Petrus

122 2830 310 2871 Schorich;
347 2831 406 2875 qui
444 2831 497 2865 12.
525 2830 744 2876 Septembris
779 2831 1038 2874 Ingolstadium
1074 2832 1273 2877 petierunt,
1307 2833 1347 2865 ut
1383 2830 1600 2864 Salmeronis
1636 2833 1671 2865 ct
1708 2831 1770 2866 Iaii
1806 2832 1883 2866 loco

120 2884 361 2918 academicam
402 2884 625 2918 iuventutem
669 2884 898 2919 instituerent
943 2885 1093 2929 (Boero,
1146 2885 1217 2919 Iaio
1264 2896 1296 2929 p.
1343 2884 1546 2925 171—17‘2‚
1600 2886 1634 2918 et
1677 2884 1883 2920 Salmorone

122 2949 155 2982 p.
184 2937 352 2981 36—37).
