2113 3430
228 191 311 232 150
471 186 526 220 22.
570 185 705 219 Paulus
732 185 815 218 Ant.
843 184 886 217 de
912 181 1065 218 Achillis
1093 181 1234 216 canisio
1261 182 1463 227 ceterisque
1491 182 1597 218 sociis
1624 182 1736 218 colon.

914 301 1043 343 Jesus
1075 303 1119 342 et
1151 299 1303 342 Maria.

680 378 728 419 In
763 377 923 420 christo
956 377 1061 418 Jesu
1096 375 1257 418 fratres
1288 375 1527 429 perdilecti.

345 457 497 500 Gratia
514 455 673 498 domini
690 454 827 497 nostri
844 454 949 496 ι10511
968 452 1117 495 christi
1139 466 1216 494 1105
1234 452 1387 506 inipso
1405 452 1541 503 vniat,
1565 452 1725 504 foueat,
1750 458 1793 497 et
1810 454 1986 496 tandem

225 537 320 565 cum
343 523 436 577 ipso
460 525 504 565 et
525 536 602 576 per
623 521 762 575 ipsum
786 522 829 562 et
850 519 892 561 in
915 519 1009 573 ipso
1031 532 1217 571 regnare
1234 517 1382 560 faciat.
1408 531 1545 560 amen.
1579 518 1637 560 Ni
1658 519 1919 562 humanitati
1936 533 1987 561 ac

226 587 427 630 charitati
450 590 624 629 uestrae
646 586 807 628 fratres
831 582 1185 626 desideratissimi
1209 582 1359 624 deesse
1382 581 1515 636 (quod
1538 586 1656 625 certe
1678 598 1763 626 non
1784 584 1987 626 mediocri

225 653 330 695 uitio
352 652 455 694 1111111
478 654 595 694 05501
617 648 935 702 ascribendum)
962 648 1133 690 viderer
1155 647 1271 689 labia
1294 647 1588 701 comprimere,
1622 662 1749 702 quam
1772 664 1849 691 vos
1872 664 1897 691 a
1921 649 1985 691 dei

225 718 491 772 agricultura
513 717 580 759 his
603 715 917 769 qualiacunque
951 713 1038 756 sint
1060 712 1250 754 verbulis
1285 726 1483 763 auocare,
1518 712 1779 757 maluissem.
1824 715 1986 756 Verum

225 797 319 825 eam
354 783 405 825 de
438 782 560 824 uobis
592 782 752 823 fratres
785 778 1024 821 charissimi
1057 777 1422 819 existimationem
1453 777 1642 832 concepi,
1675 781 1724 822 vt
1745 793 1823 821 uos
1846 779 1988 821 onmia

224 862 301 902 pro
324 851 473 890 vestro
497 861 602 900 erga
634 860 703 888 me
735 858 882 887 amore
915 843 1042 897 aequi
1072 842 1258 896 bonique
1291 842 1565 885 consulturos
1597 843 1725 885 facile
1756 844 1858 885 mihi
1890 858 1988 898 per-

225 913 456 964 suaserim,
500 912 554 954 ad
586 912 693 953 haec
724 910 877 952 literae
908 911 1084 951 vestrae
1117 908 1270 960 quibus
1302 907 1405 948 nihil
1448 907 1640 961 optatius
1676 909 1989 962 jucundiusque

226 977 451 1031 obtingere
482 976 586 1018 mihi
617 975 880 1031 potuisset1‚
927 973 1114 1016 animum
1157 973 1211 1014 ad
1253 972 1524 1014 scribendum
1557 972 1623 1025 (ut
1654 987 1734 1027 par
1766 974 1878 1027 erat)
1909 974 1988 1015 im-

226 1044 395 1098 pulere,
439 1056 549 1096 quae
588 1041 756 1095 quidem
800 1042 1009 1093 quantum
1049 1039 1092 1080 in
1135 1037 1304 1079 domino
1338 1037 1618 1089 delectarint,
1661 1052 1746 1080 non
1779 1041 1845 1081 est
1877 1040 1989 1092 quod

224 1108 372 1151 multis
403 1105 755 1162 persuasionibus
788 1103 1143 1157 argumentisque
1170 1103 1398 1145 ostendere
1421 1117 1561 1153 coner,
1596 1118 1693 1145 cum
1725 1103 1780 1145 ad
1813 1117 1885 1145 eos
1919 1105 1987 1157 qui

225 1187 310 1215 non
355 1173 609 1227 applausum
655 1170 730 1212 sed
772 1168 903 1212 animi
945 1169 1174 1211 candorem
1217 1169 1348 1221 atque
1390 1167 1685 1210 sinceritatem
1725 1168 1845 1221 (licet
1885 1168 1991 1210 nihil

224 1239 314 1281 tale
346 1238 388 1279 in
420 1251 489 1279 me
522 1235 801 1290 comperiam)
841 1236 1074 1288 exoptent,
1117 1246 1357 1275 sermonem
1391 1233 1597 1275 habeam:
1643 1236 1863 1276 caeterum
1895 1247 1990 1276 cum

226 1317 309 1345 non
341 1303 479 1345 solum
512 1301 703 1343 charitas
736 1300 791 1342 ad
822 1313 900 1341 nos
932 1299 1049 1353 ipsos
1090 1312 1136 1340 se
1170 1297 1401 1348 extendat,
1448 1298 1523 1339 sed
1556 1300 1601 1340 et
1632 1298 1904 1352 potissimum
1936 1299 1990 1340 ad

224 1368 468 1422 proximum
509 1366 632 1408 nobis
674 1366 743 1407 uel
784 1363 974 1406 naturali
1006 1363 1178 1405 uinculo
1211 1363 1280 1404 uel
1313 1362 1528 1417 spirituali
1561 1363 1674 1416 quod
1706 1363 1914 1405 sincerius
1947 1367 1992 1406 et

224 1433 372 1488 purius
393 1433 612 1475 hominum
635 1431 743 1485 ligat
766 1431 1017 1472 voluntates
1040 1429 1326 1479 coniunctum,
1360 1428 1465 1470 illud
1496 1428 1613 1472 beati
1635 1429 1759 1471 Pauli
1780 1429 1824 1470 in
1845 1429 1990 1471 fructu

226 1501 371 1541 vestro
416 1497 632 1552 spirituali
663 1509 732 1538 me
765 1495 1009 1544 oblectans,
1055 1493 1298 1548 proferam,
1344 1507 1412 1535 me
1456 1493 1632 1547 inquam
1675 1508 1776 1549 pro
1820 1494 1991 1536 vobis

226 1563 473 1605 omnibus
507 1561 720 1604 domino
753 1563 942 1602 nostro
975 1559 1107 1601 Jesu
1141 1558 1354 1600 christo
1387 1559 1608 1611 gratias
1641 1560 1858 1612 agere&
1894 1573 1989 1601 cum

226 1628 414 1670 omnium
455 1629 650 1669 vestrum
696 1640 747 1667 ea
791 1625 848 1668 sit
891 1624 1086 1679 probitas
1131 1626 1175 1666 et
1218 1623 1261 1665 in
1305 1624 1416 1665 bono
1461 1638 1590 1678 opere
1635 1624 1901 1671 constantia,
1947 1624 1990 1666 in

225 1693 420 1735 omnibus
462 1691 644 1745 denique
685 1690 926 1733 actionibus
960 1687 1021 1743 [P]
1054 1688 1211 1731 uestris
1248 1691 1374 1731 tanta
1416 1689 1666 1743 prudentia,
1709 1692 1759 1731 ut
1798 1703 1851 1731 ne
1890 1689 1989 1730 dum

224 1757 448 1812 germania
470 1757 607 1799 solum
629 1770 780 1798 verum
813 1758 857 1798 et
878 1754 1096 1804 lusitania,
1130 1753 1258 1796 Italia
1290 1767 1340 1795 ac
1372 1753 1489 1807 galia
1520 1754 1632 1796 hunc
1664 1754 1799 1797 uestri
1831 1755 1987 1796 bonum

225 1824 400 1866 odorem
431 1821 744 1877 11015011501113,
788 1820 989 1873 dignetur
1027 1819 1223 1861 dominus
1256 1819 1360 1860 deus
1393 1818 1459 1871 (ut
1492 1819 1638 1872 credo)
1671 1819 1783 1860 hunc
1816 1819 1989 1861 odorem

224 1889 268 1931 in
301 1888 488 1931 omnium
522 1888 764 1930 aromatum
798 1885 1062 1928 suauitatem
1095 1884 1287 1935 odorari,
1322 1883 1390 1926 Ne
1421 1884 1633 1926 miremini
1665 1899 1797 1938 queso
1829 1884 1990 1927 fratres

224 1954 267 1996 in
300 1953 460 1996 christo
492 1953 598 1995 ,10511
639 1950 884 1993 dulcissimo
921 1949 1220 2004 jucundissimi
1261 1949 1294 1991 si
1338 1948 1481 2003 aliqua
1522 1952 1570 1992 ut
1610 1964 1688 1992 nos
1720 1949 1903 1991 inuicem
1935 1950 1989 1991 ad

224 2019 337 2061 hunc
360 2032 605 2061 amorosum
626 2017 776 2059 ‚Jesum
800 2015 1052 2065 excitemus,
1087 2014 1322 2065 subiecero,
1357 2014 1458 2067 quid
1491 2014 1602 2056 enim
1636 2015 1691 2056 ad
1717 2014 1987 2057 dilectionem

225 2084 291 2126 sui
323 2084 507 2137 aliquem
531 2082 749 2125 efficacius
780 2081 956 2124 trahere
982 2083 1142 2135 potest,
1178 2094 1305 2133 quam
1330 2094 1426 2121 cum
1460 2079 1642 2133 diligens
1675 2094 1800 2121 omne
1832 2079 1989 2121 bonum

225 2150 269 2191 in
314 2149 471 2191 dilecto
516 2147 763 2189 conclusum
809 2160 903 2188 esse
949 2148 1066 2187 certe
1113 2144 1247 2195 sciat,
1297 2144 1363 2186 cui
1411 2144 1447 2186 si
1494 2144 1727 2187 accesserit
1775 2144 1989 2187 certitudo

226 2214 383 2257 amoris
423 2213 549 2255 huius
591 2226 696 2266 erga
736 2211 857 2253 illum
889 2210 1085 2265 profecto
1118 2209 1154 2252 si
1187 2210 1243 2252 sit
1274 2209 1456 2252 rationis
1499 2223 1672 2264 compos
1704 2211 1798 2252 toto
1831 2211 1988 2251 conatu

226 2279 281 2321 ad
312 2279 431 2320 illum
463 2277 762 2331 inquirendum
795 2277 877 2318 iste
901 2276 1082 2318 dilectus
1104 2275 1282 2325 feretur,
1317 2275 1401 2316 Sed
1434 2275 1485 2316 de
1518 2274 1712 2317 bonitate
1744 2273 1988 2315 suauissimi
2041 2278 2046 2284 '

225 2345 330 2387 Jesu
372 2343 466 2397 quis
508 2342 709 2384 dubitat?
752 2341 847 2394 quis
889 2355 1078 2383 amorem
1119 2340 1234 2381 illius
1267 2354 1372 2392 erga
1405 2353 1451 2381 se
1483 2339 1689 2392 ignorat?
1731 2342 1775 2381 et
1808 2353 1902 2380 cum
1937 2338 1988 2380 de

226 2409 393 2452 ratione
425 2407 525 2450 boni
569 2407 626 2449 sit
666 2410 713 2449 ut
746 2405 893 2448 multis
935 2419 1029 2447 sese
1072 2404 1356 2446 communicet
1399 2404 1718 2446 consideremus
1751 2417 1879 2456 quam
1912 2417 1988 2444 ex-

226 2474 433 2516 cellenter
464 2486 559 2514 5050
591 2471 713 2513 1101115
745 2470 993 2520 donauerit,
1029 2473 1193 2523 quanta
1225 2469 1347 2511 nobis
1378 2468 1645 2523 promiserit,
1678 2483 1839 2522 magna
1872 2470 1988 2510 certe

226 2542 293 2581 est
334 2538 425 2580 eius
465 2537 705 2591 policitatio
748 2536 945 2577 omnibus
990 2549 1086 2576 eum
1129 2534 1407 2587 diligentibus
1448 2534 1588 2583 facta,
1635 2533 1739 2576 dicit
1783 2533 1896 2575 enim
1941 2533 1986 2574 si

227 2604 346 2657 quis
394 2602 586 2656 diligit
633 2615 735 2652 me,
784 2614 1088 2643 sermonem
1139 2597 1348 2654 [meum]
1398 2598 1677 2648 serilabit,
1727 2601 1780 2641 et
1826 2600 1989 2652 pater

226 2682 373 2710 meus
418 2667 620 2720 diliget
665 2680 803 2716 eum,
853 2669 905 2708 et
949 2665 1012 2707 ad
1057 2678 1171 2706 eum
1219 2664 1502 2705 uenicmus
1550 2667 1603 2706 et
1649 2662 1986 2705 mansionem

227 2733 365 2787 apud
399 2747 512 2774 eum
544 2731 866 2780 facie1nus4,
910 2733 1112 2784 preterea
1154 2729 1470 2784 perpendamus
1503 2731 1711 2782 quantam
1753 2728 1805 2769 de
1838 2729 1987 2768 nostra

228 2798 368 2839 salute
417 2796 730 2839 solicitudinem
783 2796 855 2837 ille
902 2794 1107 2850 prouidus
1163 2797 1324 2848 pater
1379 2793 1628 2835 familias
1674 2793 1857 2841 habeat,
1916 2790 1986 2843 qui

228 2862 406 2911 tertia,
441 2866 612 2912 sexta,
646 2875 777 2903 nona
810 2864 859 2903 et
882 2859 1151 2901 undecima
1176 2860 1300 2901 hora
1326 2872 1416 2913 per
1439 2858 1602 2908 vicos,
1637 2871 1728 2912 per
1749 2856 1986 2910 plateas5

350 3018 357 3036 ¹
385 3016 646 3051 coloniensium
681 3016 822 3050 litteras
848 3028 866 3049 a
895 3015 1035 3049 Canisio
1070 3014 1224 3059 scriptas
1260 3013 1372 3047 fuisse
1408 3025 1452 3047 ex
1488 3024 1528 3046 eo
1564 3011 1723 3046 conicere
1757 3010 1860 3051 licet,
1893 3010 1983 3053 quod

228 3068 387 3103 Achilles
414 3069 503 3102 hanc
531 3070 719 3114 epistulam
749 3068 891 3103 Canisio
918 3067 1126 3102 nominatim
1153 3066 1346 3111 inscripsit.

347 3122 360 3141 ²
386 3121 484 3155 110111.
516 3123 543 3162 1,
570 3123 601 3156 8.
640 3123 655 3155 1
686 3122 763 3156 Cor.
793 3123 822 3161 1,
849 3123 881 3155 4.
919 3121 1006 3166 Eph.
1038 3122 1065 3159 1,
1096 3121 1147 3154 16.
1184 3119 1275 3153 Phil.
1306 3120 1334 3162 l,
1362 3119 1392 3153 3.
1548 3117 1561 3137 3
1588 3116 1641 3150 Cf.
1669 3116 1689 3149 “2
1717 3115 1793 3149 Cor.
1822 3116 1853 3156 2,
1883 3116 1936 3149 15.

348 3176 358 3194 ⁴¹
387 3174 433 3208 lo.
464 3175 515 3215 14,
543 3175 597 3208 23.
745 3176 757 3193 ³*
783 3174 911 3208 Matth.
940 3174 995 3213 20,
1025 3174 1148 3208 1—10.
1200 3172 1283 3206 Luc.
1314 3172 1366 3212 14,
1393 3171 1449 3205 21.
