2113 3430
219 201 303 242 392
836 199 913 234 121.
951 198 1117 235 Canisius
1142 200 1177 235 S.
1205 202 1356 246 Ignatio.

334 315 504 357 Lite1·as
546 315 774 359 adiunctas
806 316 1045 359 Louanium
1086 317 1222 368 mitti,
1269 334 1347 361 nee
1386 320 1472 363 leui
1514 322 1566 364 de
1607 336 1760 374 eausa,
1803 325 1853 365 vt
1893 322 1980 365 cito

218 380 378 422 curetis
412 394 499 422 oro.

333 463 360 513 ἢ·
393 462 657 505 Honorando
700 464 883 506 Domino
924 465 1149 508 Leonardo
1193 466 1452 509 Louaniensi
1494 468 1546 510 de
1588 469 1807 513 Societate
1848 469 1980 512 IESV

216 527 431 570 sacerdoti
465 527 678 571 Coloniae.

1042 617 1152 659 121.

952 716 1248 764 CANISIUS

773 813 1054 858 SANGTO
1087 815 1419 859 IGNATIO.

797 911 1026 958 Ingolstadio
1053 912 1086 948 2.
1113 912 1278 949 Ianuarii
1304 912 1396 949 1552.

333 993 387 1026 Ex
407 994 577 1036 „Litteris
600 993 941 1037 qnadre‘nu‘stribus“
960 995 986 1035 I,
1005 994 1205 1029 480—485.
1246 994 1379 1037 Editor,
1406 995 1612 1040 apographo
1632 995 1779 1040 antiquo
1797 1007 1894 1037 usus,
1921 997 1980 1031 ad-

214 1048 334 1080 notat:
366 1046 641 1091 „Autographas
661 1046 795 1081 canisii
820 1046 964 1081 litteras
990 1047 1116 1082 nullibi
1143 1047 1259 1083 adhuc
1285 1049 1441 1093 reperire
1468 1049 1668 1089 valuimus;
1696 1060 1807 1093 quare
1834 1049 1919 1094 quid
1945 1050 1981 1084 in

214 1100 265 1134 eis
292 1099 488 1141 Polaneus‚
525 1102 565 1134 ut
591 1099 668 1144 ejus
694 1100 918 1142 moris-erat,
945 1100 1145 1135 immutarit
1169 1113 1234 1136 seu
1261 1102 1478 1143 emendarit,
1506 1102 1590 1146 quid
1616 1102 1813 1143 addiderit,
1849 1102 1982 1147 quidve

215 1153 456 1198 suppresserit
474 1154 494 1194 ¹,
521 1153 680 1187 indicare
705 1154 927 1197 nequimus.“

332 1205 498 1250 Epistula
523 1206 578 1240 usi
605 1208 708 1240 sunt:
735 1207 923 1251 Polaticus,
951 1206 1150 1241 Chronicon
1176 1207 1220 1249 ΙΙ,
1248 1208 1446 1243 256-263,
1492 1210 1715 1243 Orlundiuus
1740 1208 1762 1243 l.
1793 1209 1846 1250 10,
1873 1220 1906 1243 n.
1934 1209 1979 1244 99

213 1258 258 1293 ad
288 1259 364 1293 101.
408 1260 616 1303 Sari-hians,
644 1258 728 1293 Can.
756 1260 907 1294 52—54.
935 1260 1085 1295 60—61.

333 1348 355 1388 (
355 1347 542 1390 „Epistula
569 1347 896 1391 quadrin1estris“.)
935 1349 1102 1382 Cani-sius
1120 1353 1150 1381 et
1172 1349 1369 1382 Goudanus
1386 1350 1453 1382 soli
1472 1350 1509 1382 in
1530 1350 1754 1382 universitate
1772 1350 1978 1392 tlieoloyiuin

213 1401 345 1443 docent,
373 1405 540 1434 eres-(ente
565 1402 759 1435 auditorio.
795 1402 1046 1445 Philosophiae
1070 1403 1219 1435 ›moa-alis
1245 1403 1344 1435 lectio
1370 1403 1475 1435 etiam
1494 1403 1760 1445 professoribus
1785 1404 1875 1436 mire
1891 1414 1980 1446 pro-

213 1454 329 1487 batur.
382 1455 479 1487 Socii
504 1456 606 1487 etiam
629 1457 804 1497 privatim
829 1456 971 1498 docent,
1007 1456 1217 1499 disputandi
1250 1467 1380 1489 moreni
1420 1456 1658 1499 induxerunt,
1693 1456 1829 1490 scholas
1854 1457 1980 1489 habent

215 1508 252 1540 in
275 1509 431 1550 qratiam
460 1518 601 1552 eorum,
636 1510 699 1552 (pti
724 1509 912 1542 ordinibus
936 1510 1051 1542 saeris
1077 1509 1250 1542 initiandi
1274 1514 1366 1542 sunt.
1418 1509 1458 1542 In
1492 1509 1690 1542 Germania
1720 1520 1835 1543 omnes
1870 1510 1979 1542 indis-

214 1562 429 1594 eriminatim
457 1562 505 1594 ad
529 1562 762 1595 sacerdotium
800 1563 1049 1596 admittuntur.
1102 1563 1160 1595 Ad
1195 1563 1423 1604 confessionis
1456 1567 1717 1595 sam-anemium
1750 1563 1855 1595 multi
1886 1574 1980 1595 acce-

213 1614 320 1658 dunt,
357 1616 459 1647 etiam
496 1616 558 1658 qui
592 1626 614 1647 u
643 1617 803 1658 pueritia
840 1617 878 1648 in
915 1616 1171 1649 lutheranismo
1202 1616 1358 1649 instituti
1388 1620 1500 1649 erant.
1552 1616 1735 1649 Puroehus
1767 1617 1916 1659 quidam
1950 1620 1980 1647 et

212 1668 351 1701 *iuvenes
377 1669 577 1701 litterarum
604 1670 754 1702 studiosi
775 1671 889 1702 saeris
907 1670 1084 1702 emet-vitiis
1101 1670 1255 1710 eoeeulti,·
1280 1670 1339 1702 ille
1350 1669 1594 1712 parochianos
1612 1670 1659 1701 ad
1675 1674 1980 1702 sacramentoruni

211 1721 449 1765 frequentium
476 1722 698 1754 adducturus
723 1726 780 1756 est.
816 1723 1060 1755 Adulescentes
1087 1723 1288 1755 litterarum
1313 1723 1463 1755 studiosi
1488 1723 1536 1755 ad
1562 1724 1738 1756 eontiones
1753 1723 1979 1766 yermanieas

213 1774 393 1807 habendas
419 1780 448 1808 et
475 1776 522 1808 ud
540 1786 664 1818 preces
684 1777 747 1818 pie
770 1776 957 1817 faciendas
985 1777 1232 1809 institumztur.
1284 1776 1328 1808 In
1354 1776 1491 1818 templis
1526 1787 1633 1809 orare
1668 1777 1736 1808 iuni
1771 1777 1847 1818 fere
1882 1777 1980 1818 iquo-

213 1829 403 1861 mim'osuin
428 1829 576 1862 ridetur.
612 1829 833 1871 Professores
852 1841 930 1861 euni
948 1830 1133 1872 discipulis
1156 1830 1273 1862 natali
1294 1829 1428 1862 Christi
1454 1829 1501 1861 ad
1527 1829 1796 1862 ezwhcnv’stieam
1823 1840 1979 1862 mensum

213 1887 441 1915 accesserunt.
478 1883 719 1926 Impetratuni,
749 1887 783 1915 ut
812 1884 847 1914 in
874 1884 971 1915 omni
997 1884 1156 1916 contione
1175 1894 1298 1925 preces
1318 1893 1390 1925 pro
1415 1883 1528 1915 salute
1553 1884 1730 1916 eoninzuni
1753 1894 1829 1915 euin
1844 1883 1979 1925 populo

212 1936 461 1968 recitarentur.
500 1936 644 1968 Canisz'o
664 1937 885 1969 contionanti.
908 1937 1075 1979 frequens
1101 1941 1147 1969 est
1174 1937 1407 1969 auditorium.
1444 1936 1573 1979 Populi
1599 1947 1726 1978 mayn«
1749 1937 1875 1979 pietus.
1914 1936 1979 1969 Ca-

214 1990 327 2021 nisius
362 1989 642 2022 m‘eecaneettarii
676 2001 805 2022 numus
842 1990 972 2022 umeris
1012 1994 1172 2022 excutere
1217 2001 1286 2022 non
1324 1994 1447 2032 potest.
1512 1988 1685 2023 Canoniei
1719 1990 1980 2032 uryentinenses

212 2042 426 2075 vehementer
454 2043 602 2086 instant,
642 2047 676 2074 nt
705 2043 887 2075 Cunisium
925 2044 1200 2076 eontionatorem
1237 2043 1425 2085 (teeipiant.
1478 2044 1753 2085 Arqentoratum
1787 2047 1976 2083 ‚sectarum

211 2096 386 2128 sentinam
414 2094 581 2138 colle-qiu&
632 2096 818 2129 Praesides
844 2097 1091 2140 mossuntinus7
1118 2097 1343 2139 treverensis,
1379 2097 1666 2139 eonstantiensis,
1703 2097 1912 2138 eystatensis
1938 2096 1979 2129 de

214 2149 366 2191 colleyiis
393 2150 577 2182 Soeietutis
603 2150 793 2183 condendis
820 2151 982 2192 eoyitunt.

1010 2237 1183 2280 JESUS

333 2319 485 2361 Gratia
526 2322 570 2362 et
610 2333 698 2373 pax
730 2319 902 2361 Domini
934 2319 1086 2362 Nostri
1117 2320 1223 2361 Jesu
1255 2318 1413 2362 Christi
1453 2318 1496 2360 in
1538 2318 1660 2360 nobis
1702 2321 1746 2361 et
1786 2332 1863 2372 per
1900 2331 1978 2359 nos

213 2385 256 2426 in
289 2384 380 2426 dies
413 2387 639 2438 augeatur.
703 2385 856 2427 Amen.

333 2466 527 2508 Scribam
559 2466 614 2508 ad
646 2468 691 2508 te
723 2467 775 2508 de
809 2469 995 2519 quatuor
1027 2465 1268 2516 mensibus,
1315 2468 1363 2507 ut
1404 2464 1621 2507 voluntati
1653 2468 1754 2507 tuae
1786 2478 1977 2518 paream,

215 2532 468 2573 Reverende
510 2531 662 2582 Pater,
714 2534 971 2573 narraturus
1016 2545 1067 2572 ea
1108 2530 1327 2572 succincte
1369 2544 1479 2584 quae
1520 2544 1678 2583 magno
1720 2529 1800 2571 Dei
1841 2529 1979 2572 nostri

216 2610 391 2638 munere
422 2596 520 2638 inde
554 2612 578 2639 a
611 2596 847 2651 septembri
879 2610 1085 2638 concessa
1117 2599 1217 2638 sunt
1249 2595 1384 2646 nobis,
1418 2598 1466 2637 ut
1497 2596 1662 2637 luorum
1695 2595 1867 2648 quidem
1900 2594 1978 2636 ali-

217 2662 329 2714 quod
351 2661 487 2703 videri
510 2664 642 2715 queat
664 2661 909 2715 spirituale;
944 2661 1021 2703 sed
1044 2661 1216 2702 omnino
1239 2660 1443 2714 exiguum
1466 2660 1584 2710 illud,
1620 2660 1656 2701 si
1679 2674 1775 2701 eum
1797 2658 1978 2701 aliorum

216 2726 394 2768 Patrum
427 2729 470 2769 ot
503 2727 706 2768 Fratrum
739 2726 912 2780 seriptis
945 2726 1207 2768 conferatur.

334 2791 461 2833 Initio
502 2792 710 2834 lectiones
755 2805 929 2842 sacrae,
977 2805 1084 2844 quas
1128 2791 1171 2832 in
1216 2791 1296 2832 hae
1338 2790 1560 2832 academia
1603 2789 1683 2832 soli
1725 2790 1978 2843 profitemur

217 2856 379 2897 Doetor
422 2855 629 2898 Nicolaus
675 2857 908 2899 Goudanus
953 2859 997 2898 et
1041 2870 1121 2909 ego
1138 2856 1166 2906 2,
1215 2858 1521 2910 praeterquam
1567 2854 1679 2907 quod
1724 2855 1976 2895 consuetum

216 2919 405 2962 habuere
438 2935 697 2971 successum,
732 2921 832 2974 quia
864 2921 1059 2963 Christus
1092 2920 1316 2974 adspirare
1349 2920 1575 2973 dignatur,
1609 2919 1740 2960 etiam
1772 2917 1976 2970 frequen-

217 2984 316 3025 tiori
350 2988 392 3026 et
426 2986 709 3028 constantiori
743 3000 871 3039 quam
902 2986 1020 3040 prius
1047 2986 1256 3028 bonorum
1279 2985 1523 3028 auditorum
1545 2996 1722 3025 numero
1745 2982 1975 3024 decoratae

341 3128 429 3160 ¹Cf.
458 3139 474 3160 s
546 3142 554 3161 a
619 3130 708 3162 ..Ὗ
732 3137 753 3163 ¹¹.

338 3180 350 3199 ‘²
377 3139 613 3223 δυὶυςῗςξίἶιιῐιῗ
639 3129 815 3215 lzbdduos
843 3182 1063 3226 professores
1090 3180 1246 3215 facultas
1272 3179 1474 3223 theologica
1500 3181 1584 3213 tunc
1612 3178 1776 3212 habebat.
