2113 3430
633 203 689 237 27.
715 202 872 246 Augusti
898 205 934 236 et
960 202 1015 237 27.
1043 202 1261 247 Septembris
1290 202 1390 235 1544.
1814 203 1896 244 105

139 322 326 365 sumus1.
390 320 457 363 Oh
496 334 575 362 nos
612 320 701 374 jam
746 319 894 360 felices
931 322 1055 362 tanto
1099 319 1260 361 honore
1304 317 1594 360 cohonestati!
1658 318 1741 360 Cur
1785 317 1898 359 enim

137 388 274 429 honor
304 399 389 427 non
421 387 487 427 est
518 387 644 426 tanta
673 383 908 426 severitate
935 383 1171 437 dijudicari,
1205 382 1426 438 proscribi,
1460 382 1752 433 exterminari,
1788 382 1896 424 citra

138 451 351 494 rationem
374 463 555 499 omnem,
589 448 844 504 praesertim
876 448 947 489 ubi
979 452 1070 491 tam
1102 451 1231 490 atrox
1261 447 1416 502 injuria
1446 450 1622 501 praeter
1644 447 1899 489 demeritum

137 516 369 569 infligitur,
411 528 496 556 non
538 528 563 556 a
604 513 784 563 scurris,
827 513 902 555 sed
935 527 960 554 a
992 512 1097 554 viris
1137 512 1359 555 honoratis
1397 526 1447 554 ac
1481 512 1668 553 omnium
1702 512 1898 566 opinione

138 578 495 635 prudentissimis,
530 582 660 632 atque
691 578 735 620 in
766 578 848 620 fide
880 591 958 632 per
980 592 1149 619 omnem
1172 577 1446 620 Germaniam
1477 577 1606 629 longe
1638 576 1899 618 constantis-

140 645 280 695 simis;
323 658 502 699 quorum
547 657 724 685 concors
765 642 981 685 sententia
1024 656 1199 684 causam
1240 642 1347 685 facit
1387 641 1666 683 illustriorem
1682 642 1711 683 2.
1775 642 1899 682 Hanc

139 724 243 752 vero
285 709 547 752 sententiam
586 708 630 750 in
671 722 748 750 nos
789 707 950 749 editam
995 710 1089 749 tota
1139 721 1248 761 pene
1299 707 1453 749 civitas
1499 705 1735 748 etiamnum
1785 720 1899 747 com-

139 775 316 830 probat,
351 788 400 816 eo
434 774 547 827 quod
574 774 690 827 juste
722 772 887 815 factum
919 773 1108 814 clamant
1140 775 1188 814 ut
1220 774 1366 814 sectae
1398 785 1537 813 novae
1569 774 1768 813 auctores
1800 771 1900 812 sub-

139 841 410 882 moveantur.
476 839 635 881 Omnes
667 838 886 880 hominum
919 851 1177 890 congressus
1219 840 1262 879 et
1304 836 1503 878 convivia
1536 836 1650 877 circa
1682 850 1759 877 nos
1788 836 1901 890 judi-

142 905 300 947 candos
342 904 692 956 damnandosque
733 905 977 944 versantur.
1049 901 1157 951 Quin
1198 901 1384 944 volitant
1423 901 1584 955 passim
1626 904 1670 943 et
1711 900 1902 942 carmina

143 970 194 1012 de
220 968 414 1019 Jesuitis,
447 970 555 1011 bene
587 968 767 1010 famosa.
823 967 1043 1020 Signum
1075 981 1222 1008 sumus
1255 966 1339 1008 cui
1372 966 1811 1016 contradicitur,
1846 969 1903 1008 ut

141 1034 469 1082 revelentur
516 1048 579 1075 ex
625 1033 921 1075 multorum
969 1032 1232 1074 cordibus
1280 1031 1706 1084 cogitationes3.
1776 1031 1901 1072 Prius

142 1099 335 1142 auditum
363 1102 442 1147 est,
476 1097 632 1147 Boni;
665 1112 778 1139 nunc
808 1111 925 1147 vero,
958 1097 1096 1147 Non,
1132 1097 1225 1138 sed
1258 1097 1558 1138 seducunt4
1585 1096 1768 1149 juvenes
1795 1110 1901 1148 quos

143 1165 197 1207 ad
229 1178 276 1206 se
307 1163 551 1218 pelliciunt:
594 1162 803 1204 seducunt
843 1165 1067 1205 matronas
1110 1161 1240 1204 etiam
1274 1175 1455 1214 quarum
1496 1161 1680 1202 nummis
1711 1161 1902 1214 gaudere

142 1232 313 1272 norunt.
389 1228 457 1271 Sic
501 1227 736 1270 transimus
782 1241 877 1281 per
922 1227 1118 1268 famam
1165 1227 1357 1268 bonam
1405 1228 1457 1267 et
1502 1225 1900 1278 ignominiam5,

144 1309 228 1336 11011
261 1294 379 1348 digni
409 1294 610 1343 fortasse,
644 1292 715 1346 qui
748 1292 938 1347 corporis
969 1291 1118 1334 itidem
1152 1294 1195 1334 et
1227 1291 1450 1344 sanguinis
1482 1290 1698 1333 oblatione
1725 1292 1902 1332 confite-

145 1373 268 1401 amur
320 1362 363 1401 et
415 1358 703 1411 glorificemus
746 1357 975 1399 Dominum
1021 1356 1284 1398 crucifixum.
1356 1356 1531 1398 Amicos
1575 1369 1704 1406 vero,
1751 1355 1903 1409 quibus

145 1423 358 1465 confidere
388 1438 516 1477 posse
548 1423 821 1473 videbamur,
863 1421 1049 1464 fideliter
1088 1424 1231 1464 mutos
1264 1424 1308 1464 et
1341 1421 1508 1475 quietos
1540 1421 1710 1474 experti
1742 1435 1902 1470 sumus,

146 1491 222 1530 aut
263 1488 335 1542 qui
375 1488 529 1530 saltem
570 1487 777 1542 privatis³
818 1487 1005 1529 consiliis
1045 1501 1124 1529 nos
1166 1487 1321 1541 juvare
1363 1485 1555 1528 contenti
1594 1486 1714 1527 fuere
1760 1485 1904 1540 potius

147 1567 274 1606 quam
308 1567 402 1595 sese
434 1567 511 1607 pro
545 1553 667 1594 nobis
700 1552 935 1606 objicerent
961 1551 1253 1605 Magistratui.
1317 1551 1438 1601 Quod
1469 1550 1749 1605 proculdubio
1780 1550 1905 1592 Prior

147 1618 401 1661 Carthusiae
420 1619 435 1645 ss
466 1632 552 1660 non
584 1618 886 1667 detrectasset,
921 1617 955 1658 si
989 1617 1197 1659 Dominus
1229 1631 1307 1670 pro
1339 1616 1490 1658 maiori
1522 1619 1718 1658 nostrum
1749 1616 1905 1669 proba-

145 1683 262 1725 tione
294 1685 465 1725 tantum
498 1682 680 1725 amicum
715 1697 799 1724 non
831 1682 1041 1725 voluisset
1074 1683 1225 1724 abesse
1257 1682 1301 1722 in
1332 1681 1444 1723 1111110
1476 1695 1611 1734 usque
1643 1680 1766 1723 diem.
1810 1681 1903 1734 Ego

148 1749 404 1791 Senatorum
437 1748 624 1790 edictum
656 1748 784 1790 retuli
817 1747 1001 1801 primum
1034 1747 1089 1788 ad
1121 1747 1422 1788 Reverendum
1454 1746 1683 1787 Dominum
1708 1746 1906 1787 Londen-

146 1814 265 1855 se1n⁷
298 1816 341 1856 et
372 1813 660 1855 Licentiatum
686 1812 945 1866 Magistrum
966 1812 1186 1854 Andrean]
1198 1812 1226 1854 8.
1282 1811 1338 1852 Hi
1369 1825 1454 1853 non
1487 1811 1723 1865 parendum
1757 1810 1906 1853 existi-

147 1880 316 1920 mantes
345 1879 498 1933 jubent
530 1878 667 1920 audiri
700 1878 929 1920 Rectorem
943 1878 970 1919 9.
1035 1877 1196 1919 Rector
1226 1876 1271 1918 in
1303 1890 1436 1918 coena
1467 1890 1535 1917 me
1568 1874 1770 1925 detinuit,
1804 1889 1906 1928 que-

148 1944 286 1993 relas,
332 1943 475 1985 nescio
521 1957 652 1996 quas,
698 1945 746 1984 ut
789 1942 897 1984 satis
941 1941 1169 1993 audivisti,
1215 1941 1454 1995 replicans,
1501 1943 1545 1983 et·
1587 1940 1666 1981 hoc
1711 1942 1907 1982 nostrum

147 2007 394 2051 institutum
428 2008 677 2050 diuturnum
718 2022 812 2049 esse
853 2022 938 2048 non
970 2021 1096 2061 posse
1128 2021 1204 2061 pro
1238 2020 1315 2048 suo
1349 2005 1490 2060 capite
1524 2007 1816 2055 contestans,
1838 2019 1906 2046 me

147 2087 250 2115 vero
273 2087 431 2126 magno
455 2087 548 2115 cum
582 2073 726 2115 fructu
747 2075 906 2127 putans
929 2073 983 2114 ad
1006 2086 1274 2114 communem
1298 2071 1481 2113 istorum
1504 2073 1666 2112 statum
1690 2069 1907 2112 divertere

147 2152 295 2192 posse,
341 2141 422 2181 etc.
485 2138 716 2191 Nunquam
749 2140 951 2192 putaram
982 2137 1151 2179 futuros
1182 2139 1330 2179 tantos
1368 2150 1418 2178 ac
1461 2133 1592 2189 [tam]
1635 2134 1779 2176 varios
1821 2135 1904 2187 qui,

266 2273 280 2287 ³
307 2267 435 2302 saltem
460 2267 613 2313 privatis
639 2267 768 2301 saltem
795 2279 917 2310 apum:

270 2391 280 2411 ¹
305 2390 420 2423 Multa
446 2402 491 2423 ex
517 2389 572 2430 iis,
598 2401 690 2433 quae
715 2389 750 2423 in
777 2388 844 2423 hac
871 2388 1024 2433 epistula
1051 2388 1093 2422 de
1111 2387 1306 2433 primorum
1325 2386 1507 2421 Sociorum
1525 2386 1778 2420 coloniensium
1800 2397 1907 2419 vexa-

147 2443 243 2477 tione
269 2443 482 2484 referuntur,
509 2443 625 2476 adhuc
650 2442 774 2486 ignota
800 2442 956 2476 fuerunt.

267 2496 281 2516 ²
306 2495 376 2530 Leo
407 2495 451 2529 X.
491 2495 673 2530 Coloniam
724 2495 821 2539 ‚agri
860 2495 991 2529 domini
1037 2494 1233 2539 piissimam
1273 2496 1309 2528 et
1354 2492 1661 2536 religiosissimam
1699 2491 1902 2525 cultricem“

150 2547 347 2593 appellavit
375 2548 433 2592 (L.
461 2550 608 2592 Ennen,
645 2547 860 2582 Gesohichte
887 2548 949 2582 der
975 2547 1079 2581 Stadt
1104 2547 1196 2581 Koln
1233 2547 1303 2588 111,
1331 2547 1417 2586 781;
1454 2546 1513 2581 IV.
1543 2545 1637 2588 189).
1688 2546 1789 2578 Anno
1818 2544 1908 2579 1520

150 2601 296 2635 Lutheri
322 2602 456 2646 scripta
483 2602 648 2635 Coloniae
683 2601 904 2635 sollemniter
930 2603 1175 2639 concremata;
1211 2599 1340 2634 ibidem
1375 2598 1477 2632 multi
1505 2600 1628 2632 contra
1654 2609 1735 2631 eum
1761 2597 1908 2641 eiusque

150 2657 347 2689 sectatores
382 2654 462 2688 libri
498 2654 683 2699 compositi
719 2657 812 2688 sunt.
864 2654 1024 2688 Bucerus
1060 2654 1114 2687 30.
1142 2653 1262 2686 Martii
1301 2652 1390 2686 1542
1425 2652 1585 2685 Vadiano
1621 2650 1784 2695 scripsit:
1820 2651 1907 2684 Her-

149 2720 278 2742 manno
314 2708 356 2741 de
391 2707 507 2741 ll'eda
547 2720 646 2749 „cum
679 2708 836 2741 maxima
872 2707 958 2741 cleri
993 2708 1094 2751 parte
1130 2706 1239 2740 etiam
1276 2705 1354 2750 ipsa
1391 2705 1519 2739 civitas
1557 2704 1592 2737 in
1631 2715 1739 2738 causa
1775 2703 1909 2738 Christi

151 2759 428 2805 [lutheranismi]
464 2760 688 2803 refragatur*
728 2760 835 2804 (apud
867 2761 901 2794 C.
930 2762 1196 2802 Varrentrastp,
1233 2759 1415 2792 Hermann
1451 2769 1520 2791 von
1556 2756 1661 2791 Wied
1697 2757 1712 2790 I
1750 2756 1908 2802 [Leipzig

155 2813 268 2858 1578]
299 2814 410 2856 1202).
555 2814 568 2832 ³
594 2813 677 2847 Luc.
705 2814 737 2854 ἱ),
764 2815 819 2847 34.
966 2815 978 2832 4
1007 2812 1052 2846 lo.
1081 2813 1111 2852 7,
1141 2812 1194 2845 12.
1341 2812 1354 2829 ⁵
1380 2812 1399 2844 ‘2
1428 2810 1506 2844 Cor.
1534 2810 1564 2850 6,
1592 2810 1623 2844 S.

270 2867 283 2887 ⁶
310 2866 492 2901 Germ-dus
518 2866 798 2900 Kalckbrenner.
944 2866 955 2886 ⁷
983 2864 1176 2908 Georgium
1203 2865 1245 2898 de
1272 2864 1458 2906 Skodborg
1484 2863 1580 2898 dicit.

272 2921 284 2940 ⁸
309 2920 489 2954 Andrcam
516 2918 626 2953 Herll.

270 2974 283 2994 ⁹
309 2973 440 3007 Rector
464 2971 712 3006 universitatis
738 2973 822 3005 tunc
850 2973 927 3004 erat
952 2970 1126 3013 Magister
1145 2970 1371 3004 Hei-mannus
1389 2969 1598 3003 Blanckfort
1620 2968 1905 3013 (Blankenforst)

152 3026 464 3067 monasteriensis,
491 3028 613 3070 pastor
638 3024 682 3058 ad
709 3024 741 3058 S.
771 3023 978 3065 Columbae,
1006 3035 1110 3067 quem
1137 3022 1333 3067 capitulum
1358 3022 1672 3067 metropolitanum
1699 3034 1789 3055 anno
1820 3022 1908 3055 1542

153 3079 357 3113 Hermanno
384 3079 426 3113 de
452 3079 566 3112 WVeda
601 3078 748 3111 miserat
783 3077 827 3111 ad
863 3077 1039 3110 orationes
1066 3077 1100 3109 in
1126 3075 1226 3109 feriis
1252 3075 1427 3110 natalitiis
1453 3075 1634 3109 habendas
1661 3076 1909 3117 Bucerumque

154 3133 198 3166 ab
225 3132 300 3166 eius
327 3131 408 3165 aula
434 3132 626 3166 arcendum
657 3132 919 3174 (Vsu-renfrapp
945 3129 967 3163 l.
995 3142 1024 3163 c.
1060 3129 1094 3170 I,
1124 3129 1200 3162 134.
1243 3130 1306 3163 Fr.
1336 3130 1363 3162 I.
1390 3141 1415 3162 ι’.
1444 3130 1601 3170 Bima-o,
1636 3128 1700 3162 Die
1727 3127 1798 3162 alte
1826 3127 1910 3161 Uni-

155 3185 328 3218 versitaet
353 3184 467 3218 Koeln
493 3184 508 3217 Ι
536 3183 664 3227 [1100111
692 3182 807 3226 1855]γ
835 3182 931 3225 833).
