2113 3430
396 195 424 228 1.
460 194 716 238 Prolegomena
744 194 898 229 editoris.
950 195 982 228 2.
1019 193 1291 229 Confessionum
1318 193 1451 229 Canisii
1476 194 1565 229 liber
1591 195 1736 239 primus.
1919 198 1942 237 5

189 310 269 354 quis
302 309 413 353 igitur
447 312 566 343 sumat
593 309 775 344 Canisium
802 310 925 354 quinto
950 311 1101 344 sextove
1127 310 1257 344 aetatis
1291 321 1382 344 anno
1418 310 1554 344 ratione
1586 310 1756 354 potitum,
1792 310 1943 355 primum

190 362 460 397 Confessionum
486 362 615 397 librum
642 363 784 397 circiter
809 374 940 398 annum
969 363 1058 397 1570
1084 363 1256 408 scriptum
1284 362 1424 404 dixerit,
1452 374 1533 397 cum
1552 362 1726 404 Canisius,
1753 374 1772 397 a
1799 374 1945 397 munere

189 415 382 460 praepositi
407 415 638 460 provincialis
664 428 755 450 311110
784 417 873 451 1569
900 415 1104 457 absolutus,
1139 415 1305 458 Dilingae
1340 415 1399 449 vel
1426 415 1623 461 Oeniponte
1659 416 1769 450 otium
1801 427 1946 461 recupe-

189 470 307 503 rasset
336 469 542 511 „narrandi“
574 490 617 495 —
644 469 695 503 sic
722 470 814 503 enim
842 469 1092 504 Confessiones
1118 469 1245 514 incipit
1271 489 1314 493 ——
1346 480 1471 513 „opera
1497 468 1656 502 Domini“
1688 472 1723 503 et
1757 469 1947 514 „scopandi

190 521 355 566 spiritum
390 523 513 555 suum“
536 523 556 556 ¹.
607 522 877 557 Testamentum
912 524 1032 556 autem
1059 521 1223 556 Canisius
1258 521 1470 566 conscripsit
1495 521 1661 565 Friburgi
1688 522 1946 559 Helvetiorum,

189 586 301 608 annos
326 577 432 609 natus
459 597 502 600 —
529 575 595 610 hoc
621 575 697 620 ipse
722 576 759 609 in
785 576 942 610 eiusdem
970 575 1114 609 exordio
1141 575 1227 609 dicit
1253 595 1296 598 —
1327 575 1422 617 „fere
1447 575 1678 619 septuaginta
1705 575 1861 619 quinque
1888 574 1946 608 vel

189 629 297 668 sex“;
333 627 395 671 qui
421 630 476 662 est
502 640 616 663 annus
644 630 733 663 1596
760 631 823 663 aut
851 629 951 663 1597.
1003 627 1103 669 Quod
1137 630 1257 662 utrum
1291 630 1373 662 ante
1408 630 1559 662 mortem
1594 627 1765 672 perficere
1791 628 1947 672 potuerit

189 692 311 721 necne,
337 681 513 715 incertum
541 685 614 723 est;
642 682 807 727 exempla
833 684 939 722 certe,
967 693 1058 726 quae
1083 693 1177 716 nunc
1204 683 1360 723 exstant,
1387 681 1598 726 opusculum
1625 680 1796 715 exhibent
1822 683 1883 714 aut
1903 681 1946 714 ab

189 735 334 768 auctore
360 746 429 768 non
455 734 658 769 absolutum
684 737 746 769 aut
772 747 791 769 a
817 735 961 769 librario
987 735 1191 769 mutilatum
1218 736 1298 777 aut,
1338 735 1431 779 quod
1458 733 1768 775 verisimillimum,
1795 735 1947 777 utraque

190 787 326 821 ratione
351 799 531 822 mancum.

309 840 475 874 Poteram
502 841 645 885 quidem
670 841 706 874 in
733 841 1025 876 Confessionibus
1052 843 1087 875 et
1113 841 1343 875 Testamento
1370 840 1516 874 edendis
1542 842 1706 874 auctores
1732 838 1832 883 sequi
1860 839 1948 873 anti-

190 893 392 938 quissimos,
420 894 598 928 Raderum
624 906 665 928 ac
684 893 909 935 Sacchinum,
936 892 972 928 et
997 905 1089 938 quae
1114 894 1152 928 111
1178 905 1298 928 60111111
1326 893 1492 939 operibus
1517 904 1587 927 non
1605 892 1813 933 afferuntur,
1840 891 1948 925 mino-

190 947 288 981 ribus
321 947 419 992 typis
454 947 620 992 supplere
656 958 701 981 ex
735 947 950 992 apographis
983 947 1055 981 illis
1088 959 1197 981 manu
1222 946 1386 992 scriptis,
1423 958 1513 991 quae
1539 945 1678 980 Radero
1714 947 1750 979 et
1776 945 1948 979 Sacchino

190 1000 391 1035 recentiora
417 1002 501 1035 sunt
526 1000 585 1035 vel
610 1000 740 1034 saltem
768 1011 846 1034 esse
873 1000 1042 1034 videntur
1071 1000 1252 1044 (similiter
1276 1001 1352 1034 fere
1378 1002 1486 1044 atque
1504 1000 1540 1034 in
1562 998 1823 1042 „Monumentis
1840 997 1949 1032 histo-

190 1053 274 1088 ricis
293 1053 524 1088 Germania&
546 1053 615 1097 fit).
649 1054 698 1087 At
724 1064 803 1087 cum
830 1065 952 1087 omnes
978 1053 1039 1088 isti
1065 1054 1182 1088 fontes
1209 1054 1244 1087 in
1270 1053 1418 1087 minutis
1442 1055 1584 1087 tantum
1610 1052 1716 1087 rebus
1735 1051 1949 1096 discrepent,

191 1118 342 1151 cumque
368 1109 508 1141 constet
532 1109 674 1140 veteres
699 1106 733 1139 in
761 1106 805 1140 iis
831 1106 990 1151 scriptis,
1023 1118 1115 1151 quae
1141 1106 1238 1151 prelo
1265 1107 1427 1141 subicere
1454 1106 1642 1147 volebant,
1680 1115 1946 1148 nonnumquam

190 1160 363 1194 sermonis
388 1159 607 1205 perpoliendi
633 1159 865 1193 studiosiores
890 1159 1002 1194 fuisse
1029 1171 1134 1203 quam
1162 1159 1320 1193 eiusdem
1348 1159 1501 1194 fideliter
1528 1159 1572 1193 ad
1591 1158 1741 1192 verbum
1759 1157 1949 1192 reddendi:

191 1213 397 1258 apographa
432 1212 494 1247 illa
529 1213 761 1257 quantumvis
797 1213 995 1246 recentiora
1028 1213 1199 1247 maiorem
1234 1213 1485 1247 auctoritatem
1523 1211 1654 1246 habere
1698 1211 1825 1245 merito
1870 1211 1950 1255 quis

191 1267 341 1307 dixerit,
377 1266 526 1310 ideoque
560 1265 649 1299 haec
683 1265 802 1310 potius
838 1266 1100 1303 describentur,
1139 1267 1339 1300 ceterorum
1373 1277 1458 1300 vero
1483 1265 1655 1300 lectiones
1681 1264 1803 1298 variae
1830 1264 1866 1297 in
1892 1263 1950 1297 ad-

191 1319 432 1353 notationibus
459 1320 645 1364 ponentur.

309 1373 396 1406 Post
421 1372 550 1406 librum
577 1371 730 1416 primum
757 1371 1028 1406 Confessionum
1055 1373 1090 1405 et
1115 1371 1387 1406 Testamentum
1412 1371 1610 1416 particulae
1646 1370 1729 1404 illae
1765 1372 1950 1415 ponentur,

191 1437 283 1470 quae
309 1426 353 1459 ad
380 1428 517 1460 ceteros
537 1425 808 1459 Confessionum
834 1424 943 1459 libros
969 1425 1028 1459 vel
1054 1425 1098 1459 ad
1124 1425 1356 1470 posteriorem
1374 1424 1595 1459 Testamenti
1618 1426 1755 1469 partem
1774 1422 1951 1468 pertinere

191 1479 376 1520 videntur,
403 1479 480 1512 sive
506 1478 576 1512 iam
603 1480 709 1512 antea
734 1479 833 1523 typis
859 1478 1060 1523 descriptae
1086 1480 1188 1520 sunt,
1225 1478 1302 1512 sive
1328 1490 1396 1512 non
1423 1480 1518 1512 sunt.
1568 1477 1699 1521 Aliqua
1726 1489 1771 1511 ex
1797 1476 1951 1510 Floriani

190 1532 294 1566 Riess
331 1531 540 1576 biographia
578 1531 760 1565 canisiana
794 1531 985 1565 transcribi
1021 1532 1196 1576 oportuit,
1242 1532 1326 1576 quia
1365 1531 1529 1576 exempla
1564 1543 1671 1565 11131111
1706 1530 1861 1575 scripta,
1907 1541 1952 1563 ex

191 1585 320 1630 quibus
347 1585 390 1619 ab
416 1584 477 1618 illo
502 1584 633 1619 hausta
660 1586 753 1626 sunt,
779 1596 894 1629 neque
918 1585 1057 1630 abipso
1076 1585 1287 1627 indicantur,
1314 1596 1429 1628 neque
1456 1585 1499 1618 ab
1518 1584 1652 1618 editore
1671 1585 1813 1628 reperta
1831 1584 1916 1617 sunt
1927 1582 1950 1616 ².

309 1637 424 1680 Ratio,
453 1649 522 1682 qua
542 1637 707 1672 Canisius
733 1638 776 1672 ad
803 1638 891 1672 haec
917 1638 1106 1672 scribenda
1131 1637 1418 1682 permovebatur,
1445 1637 1508 1671 illa
1533 1637 1647 1671 fuisse
1665 1637 1818 1676 videtur,
1845 1647 1951 1680 quam

191 1692 267 1737 ipse
293 1691 328 1725 in
354 1691 412 1736 pio
439 1691 593 1735 quodam
620 1690 911 1725 commentariolo
937 1702 1001 1725 suo
1027 1691 1078 1725 sic
1106 1691 1304 1735 eloquitur:
1348 1690 1522 1733 „Multum
1547 1690 1659 1724 refert
1684 1690 1720 1723 in
1745 1689 1953 1723 memoriam

190 1745 359 1779 reducere
394 1744 661 1778 multitudinem
696 1744 966 1785 beneficiorum,
1003 1746 1038 1778 et
1073 1755 1197 1778 rursus
1233 1744 1498 1778 multitudinem
1534 1745 1736 1777 nostrarum
1762 1742 1953 1786 ingratitu-

191 1798 331 1839 dinum,
358 1799 394 1831 et
419 1799 648 1842 peccatorum
673 1798 785 1832 totius
812 1800 998 1832 anteactae
1024 1797 1139 1839 uitae,
1176 1809 1255 1831 cum
1281 1799 1426 1842 stupore
1454 1797 1564 1831 diuini
1590 1796 1720 1830 amoris
1746 1796 1780 1829 in
1807 1807 1891 1836 1103,
1918 1797 1951 1829 et

192 1863 273 1885 011111
299 1851 418 1885 dolore
445 1851 569 1885 intimo
596 1851 639 1885 de
666 1851 836 1896 peccatis,
862 1851 1015 1896 petendo
1041 1850 1184 1884 ueniam
1211 1852 1247 1884 et
1272 1850 1437 1894 gratiam,
1464 1852 1504 1884 ut
1529 1850 1695 1883 infundat
1719 1848 1816 1883 Deus
1842 1848 1950 1882 menti

191 1906 334 1938 nostrae
369 1904 521 1938 uilitatis
555 1906 698 1938 nostrae
735 1904 973 1948 cognitionem
1009 1906 1044 1938 et
1078 1903 1133 1948 suj
1170 1915 1336 1937 amorem.
1387 1903 1483 1937 Jtem
1519 1903 1563 1937 ad
1601 1902 1862 1946 assequendam
1900 1902 1953 1935 tui

193 1957 450 2001 cognitionem,
487 1958 522 1991 et
547 1956 613 1991 Dei
648 1957 873 1991 dilectionem
910 1956 1077 1991 conuenit
1111 1968 1217 2001 saepe
1252 1956 1497 1998 considerare,
1536 1955 1620 2000 quid
1647 1955 1743 1989 Deus
1768 1955 1951 1989 nobiscum

193 2010 284 2053 egit,
313 2012 348 2044 et
374 2010 459 2054 quid
484 2021 548 2044 nos
573 2010 734 2044 uicissim
760 2021 841 2044 cum
866 2010 942 2055 ipso
969 2021 1130 2053 agamus.
1181 2009 1273 2044 Hinc
1300 2010 1393 2043 enim
1419 2009 1626 2049 humilitas,
1652 2008 1749 2043 illinc
1776 2020 1861 2042 uero
1887 2007 1952 2053 Dej

193 2075 291 2097 amor
316 2063 480 2097 orietur.“
501 2064 513 2084 ³

558 2167 601 2211 2.
643 2167 997 2211 Confessionum
1031 2166 1208 2210 Canisii
1240 2167 1365 2209 liber
1397 2167 1596 2220 primus,

485 2256 628 2290 circiter
654 2268 784 2291 annum
815 2256 904 2291 1570
931 2255 1098 2299 Dilingae
1124 2254 1183 2289 vel
1210 2253 1408 2299 Oeniponte
1434 2253 1663 2299 compositus.

314 2344 368 2378 Ex
395 2344 622 2389 apographo,
650 2344 741 2388 quod
769 2343 913 2378 saeculo
940 2343 1051 2378 XVII.
1080 2345 1234 2377 exeunte
1261 2344 1322 2376 aut
1348 2341 1478 2375 XVIII.
1505 2341 1649 2375 ineunte
1675 2341 1849 2385 scriptum
1876 2350 1954 2373 esse

194 2397 347 2438 videtur,
375 2399 410 2431 et
436 2399 491 2431 est
516 2397 552 2430 in
578 2397 698 2431 codice
724 2396 960 2431 bibliothecae
987 2395 1236 2430 universitatis
1261 2395 1485 2429 monacensis
1516 2395 1614 2436 Ἡ442.
1643 2393 1680 2428 C.
1708 2393 1755 2427 M.
1782 2393 1854 2433 4⁰⁸⁴,
1894 2393 1955 2436 qui

195 2449 401 2484 inscribitur
433 2450 710 2492 „Instructioncs
738 2450 781 2484 ad
808 2461 912 2484 usum
939 2449 1199 2491 sacen-dotum&
1226 2449 1250 2483 f.
1280 2449 1474 2483 146—159.
1510 2447 1608 2482 Folio
1637 2447 1718 2481 146ὃ
1742 2446 1956 2490 inscriptum

197 2504 270 2537 est:
310 2502 678 2544 „CONFESSIONES
711 2504 714 2545 Ι
746 2502 785 2537 Ρ.
813 2503 911 2548 Petrj
948 2502 1094 2547 Canisij.
1127 2502 1277 2545 iVV.“;
1313 2501 1337 2535 f.
1367 2501 1448 2535 147ίι
1474 2501 1618 2545 incipit:
1662 2499 1786 2542 „Liber
1820 2499 1956 2544 primus

197 2555 479 2590 confessionum.
504 2555 508 2600 1
531 2555 609 2590 Non
634 2556 785 2590 moriar“
816 2558 884 2590 etc.

317 2608 524 2653 Complures
542 2610 662 2653 partes
681 2609 886 2643 ediderunt:
914 2610 961 2642 M.
978 2609 1152 2649 Eadm-ns,
1171 2607 1223 2641 De
1242 2607 1318 2641 vita
1337 2606 1470 2641 Canisii
1488 2619 1520 2651 p.
1538 2606 1663 2640 7—12.
1683 2606 1738 2640 32.
1757 2604 1954 2640 210—21‘2.

197 2663 261 2696 Fr.
291 2662 495 2703 Sacche'nns,
521 2662 574 2696 De
599 2661 684 2696 Vita
711 2662 845 2697 Canisii
870 2674 903 2707 p.
931 2662 1080 2696 20—21.
1108 2661 1305 2695 256—259.
1342 2662 1442 2694 Ioan.
1462 2661 1563 2694 Niess
1590 2659 1624 2694 S.
1643 2660 1688 2701 J.,
1714 2658 1955 2704 Alphabetum

320 2798 329 2817 ¹
357 2796 409 2831 Cf.
429 2798 528 2830 Re'ess
546 2807 578 2840 p.
598 2795 640 2829 V.
668 2794 973 2838 Laudsbergensis
1000 2794 1125 2828 domus
1144 2793 1178 2828 S.
1197 2794 1240 2835 J„
1268 2793 1324 2828 cui
1343 2792 1553 2838 opusculum
1577 2792 1643 2827 hoc
1661 2804 1681 2827 a
1701 2791 1843 2827 Canisio
1863 2792 1956 2826 dedi-

198 2851 316 2884 catum
345 2861 423 2883 esse
449 2849 611 2883 Raderus
637 2848 815 2888 affirmat,
850 2858 941 2881 311110
971 2847 1060 2881 1576
1087 2846 1268 2881 aedificari
1299 2849 1334 2880 et
1370 2857 1461 2880 311110
1490 2846 1579 2881 1578
1615 2857 1635 2880 3
1666 2845 1817 2880 11ον10113
1852 2845 1957 2879 1110011

199 2905 324 2947 coepta
351 2905 416 2937 est.
452 2904 527 2946 ἶφι.
548 2902 716 2945 Amarda
740 2900 774 2934 S.
794 2900 838 2940 J.,
865 2899 1025 2934 Historia
1051 2900 1256 2944 provinciae
1283 2898 1316 2933 S.
1345 2900 1376 2934 J.
1405 2899 1617 2933 Germaniae
1644 2898 1844 2944 Superioris
1872 2898 1910 2933 P.
1932 2899 1955 2932 I.

200 2955 241 2990 D.
267 2956 300 2997 4,
327 2967 359 2990 11.
388 2955 466 2989 237.
495 2954 573 2994 312,
600 2966 633 2998 p.
663 2953 739 2987 175.
770 2952 848 2987 189.

319 3008 332 3029 ²
358 3008 413 3042 Ex
439 3007 558 3051 aliquo
585 3007 627 3040 de
653 3005 775 3040 multis
801 3005 874 3040 illis
900 3005 1079 3040 codicibus
1106 3007 1141 3039 et
1175 3005 1359 3040 fasciculis
1395 3005 1625 3050 depromptae
1661 3016 1740 3039 esse
1779 3004 1956 3040 videntur.

200 3073 291 3105 quae
318 3061 362 3095 ad
381 3060 513 3095 Canisii
540 3059 841 3094 beatificationem
867 3060 1050 3103 spectant;
1077 3058 1140 3092 sed
1167 3059 1249 3102 quia
1276 3060 1396 3103 partes
1414 3058 1498 3093 illae
1516 3070 1651 3104 paucae
1670 3060 1753 3092 sunt
1771 3060 1806 3092 et
1824 3068 1956 3103 parvae

199 3125 264 3148 nec
289 3113 422 3148 multas
447 3125 504 3147 res
530 3124 643 3147 novas
669 3111 861 3154 continent,
887 3111 1019 3146 maiore
1046 3111 1276 3155 inquisitione
1303 3123 1391 3156 opus
1418 3123 1497 3146 esse
1525 3123 1594 3146 non
1621 3111 1821 3145 videbatur.

321 3167 335 3187 ‘⁹’
359 3166 475 3201 *Cod.
508 3167 669 3209 ,Scripta
697 3166 737 3198 B.
765 3166 803 3198 P.
834 3165 973 3198 &tnesis
998 3165 1044 3198 X.
1072 3164 1139 3198 K.“
1166 3176 1200 3210 p.
1230 3164 1306 3199 173.
1337 3165 1413 3198 174.
