2113 3430
211 202 296 243 232
570 197 625 232 67.
662 195 828 230 canisius
852 194 1036 230 Leonardo
1062 193 1191 229 Kessel
1217 197 1253 229 et
1277 194 1434 229 Adriano
1460 194 1619 229 Adriani.

211 316 343 358 itendit,
370 315 463 358 quod
490 316 527 347 in.
554 314 680 346 litteris
707 312 964 345 inconsiderate
989 311 1164 354 quaedam
1188 311 1390 354 scripserit,
1429 311 1516 354 leyes
1540 311 1584 344 ab
1609 311 1752 354 Iynatio
1778 308 1976 343 condendas

212 369 418 411 deprecatus
441 368 486 399 sit
513 371 571 399 etc.
613 366 793 407 Quantum.
819 364 916 407 apud
943 363 1064 396 Socios
1089 372 1323 395 messanenses
1348 362 1564 396 oboedientia
1589 363 1725 405 floreat.
1760 362 1852 395 Eius
1880 361 1977 393 urbis

214 423 421 453 iucmztutem
442 424 667 463 peccatorum
695 418 911 460 confessione
936 417 1091 449 maxime
1117 415 1282 449 cohiberi.
1320 416 1417 457 Quae
1442 415 1639 460 catecheses,
1666 417 1853 458 contiones‘,
1880 424 1976 447 escer-

212 476 296 506 citia
319 475 383 517 pia
411 473 536 506 ibidem
561 473 660 514 siant.
696 472 851 504 Iudicem
872 480 1066 514 pensorum
1092 473 1122 501 et
1148 468 1358 511 disciplinae
1382 468 1609 502 scholasticae
1634 470 1708 502 elas
1734 469 1870 511 colleyii
1889 477 1977 510 pro-

208 529 320 571 ponit.
376 527 517 568 Quanta
552 525 596 558 ab
631 535 667 558 co
696 535 769 568 pro
804 526 884 568 ipsa
919 525 1021 556 etiam
1053 523 1208 555 Graecia
1241 525 1438 565 sperentur.
1489 522 1752 556 Adulescentem
1781 530 1977 565 pauperem

215 581 330 614 Sociis
357 580 572 613 commendat
599 589 720 622 eosque
746 578 787 610 cle
810 578 949 620 futuris
975 576 1078 609 rebus
1104 575 1271 608 laborare
1295 578 1394 608 vetat.

1026 670 1171 712 ihesus

427 757 612 800 Chariss.
646 756 807 799 fratres
839 757 884 798 et
914 755 958 796 in
991 753 1162 796 domino
1195 767 1366 808 semper
1397 751 1764 795 desideratissimi.

334 840 486 883 Gratia
519 839 679 881 domini
711 838 848 881 nostri
868 837 1009 880 JESV
1031 836 1258 879 CHRISTI
1292 838 1336 878 et
1357 849 1446 890 pax
1466 848 1573 877 vera
1604 837 1776 878 nostros
1799 839 1979 878 conatus

214 906 396 959 dirigat,
443 908 487 948 et
531 905 585 946 acl
629 907 855 946 aeternam
899 902 1082 956 gloriam
1126 901 1340 956 prouehat
1383 914 1521 943 amen.
1585 900 1754 943 Literas
1793 903 1978 952 vestras,

214 985 324 1025 quae
347 970 449 1012 mihi
471 984 555 1012 non
577 972 759 1024 possunt
781 982 866 1010 non
889 981 984 1010 esse
1006 970 1252 1022 pergratae,
1286 979 1446 1019 easque
1468 964 1513 1007 in
1535 964 1674 1019 Aprili
1700 965 1979 1020 subscriptas,

214 1039 313 1091 post
335 1035 523 1089 Augusti
545 1034 766 1077 Kalendas
798 1032 957 1087 accepi.
1012 1032 1121 1074 Amo
1154 1034 1348 1074 vestrum
1380 1030 1753 1081 Meerhoutanum,
1787 1029 1906 1072 cuius
1937 1034 1982 1074 et

215 1101 442 1155 epistolam
475 1101 628 1154 probo,
662 1099 738 1141 sed
771 1097 987 1140 voluntati
1020 1111 1105 1139 non
1136 1095 1360 1139 satisfacio
1392 1094 1593 1137 nimirum
1624 1097 1717 1138 tam
1747 1095 1896 1149 procul
1928 1095 1981 1137 ab

214 1167 320 1208 vrbe
346 1180 458 1208 nunc
481 1166 650 1208 absens.
704 1164 825 1214 Quod
857 1163 913 1205 ad
944 1163 995 1205 D.
1020 1161 1197 1204 Henrici
1220 1160 1553 1215 Zutphaniensis
1585 1159 1748 1214 scripta
1778 1159 1981 1214 pertinet,

215 1230 368 1285 quibus
400 1230 503 1272 mihi
535 1229 769 1284 respondet
801 1227 1081 1278 amicissime,
1116 1226 1256 1269 sentio
1288 1225 1437 1276 facile,
1481 1224 1634 1279 quibus
1665 1224 1983 1279 impedimentis

216 1310 388 1338 cursum
420 1295 464 1337 in
495 1295 660 1350 pietate
693 1308 817 1336 suum
848 1293 1096 1348 perturbet:
1131 1294 1261 1344 atque
1290 1290 1457 1333 vtinam
1490 1292 1533 1333 et
1564 1289 1656 1345 ipse
1688 1304 1817 1343 quam
1849 1289 1982 1332 sentit

216 1375 339 1413 vere,
381 1363 473 1403 tam
507 1360 698 1414 corrigat
728 1359 912 1412 integre.
977 1357 1271 1400 CHRISTVM
1312 1369 1537 1410 precemur
1578 1369 1751 1406 omnes,
1792 1357 1842 1398 vt
1881 1368 1981 1409 pro-

216 1426 370 1480 fligata
402 1425 515 1468 omni
547 1423 907 1480 pusillanimitate
939 1423 1188 1464 libertatem
1220 1421 1397 1475 spiritus
1428 1419 1644 1471 inueniat,
1688 1422 1732 1463 et
1773 1419 1829 1462 ad
1868 1419 1980 1462 hanc

217 1491 527 1546 capessendam
568 1491 622 1532 ab
664 1488 856 1532 externis
898 1487 1029 1530 etiam
1069 1487 1198 1529 rebus
1235 1486 1429 1540 perfecte
1462 1484 1722 1539 contemptis
1753 1484 1870 1527 viam
1900 1483 1981 1526 sibi

216 1556 469 1611 patefaciat,
503 1569 582 1597 nec
614 1554 694 1597 sibi
726 1554 835 1596 citra
871 1552 1114 1607 praesidem
1148 1551 1334 1605 aliquem
1371 1550 1500 1593 facile
1537 1550 1698 1593 credat.
1760 1550 1872 1592 Sane
1903 1562 1982 1603 per

217 1621 521 1676 occupat-iones
553 1620 608 1662 ad
639 1620 760 1661 illum
791 1618 894 1660 mihi
929 1617 1105 1659 chariss.
1141 1616 1330 1658 scribere
1362 1630 1448 1657 non
1479 1615 1603 1658 licet:
1638 1614 1857 1657 orationes
1889 1614 1981 1656 eius

217 1686 348 1730 etiam
382 1688 513 1739 atque
545 1685 676 1728 etiam
707 1698 785 1738 pro
816 1697 886 1725 me
917 1682 1038 1724 fundi
1069 1681 1213 1724 velim.

338 1757 513 1800 Gaudeo
547 1757 599 1798 de
630 1757 798 1798 mutato
832 1754 932 1796 stilo
964 1756 1039 1796 tuo
1072 1752 1130 1794 mi
1161 1752 1299 1794 frater
1330 1750 1543 1802 Adriane,
1587 1764 1713 1804 quem
1755 1764 1835 1803 ego
1866 1749 1981 1791 inter

218 1822 518 1866 Ciceronianos
561 1820 692 1874 (quod
733 1820 847 1862 inter
887 1833 965 1861 nos
1008 1818 1170 1860 dictum
1210 1817 1285 1870 sit)
1326 1816 1474 1858 videre
1515 1815 1638 1870 cupio
1680 1815 1981 1858 excellentem.

220 1888 394 1930 Gaudeo
435 1887 585 1930 itidem
626 1886 678 1927 de
719 1883 949 1938 singulari,
992 1897 1043 1925 ac
1085 1882 1290 1924 diuinitus
1324 1882 1427 1924 data
1457 1880 1536 1924 tibi
1566 1879 1741 1931 fidutia,
1784 1879 1897 1933 quod
1929 1879 1981 1921 de

220 1952 476 1995 Germaniae
517 1955 610 1994 tum
650 1949 981 1999 reformatione,
1023 1951 1116 1990 tum
1157 1946 1413 2001 integritate
1453 1945 1694 1995 reddenda,
1734 1945 1779 1986 in
1811 1943 1980 1987 domino

218 2031 482 2072 magnopere
523 2016 724 2058 confidas.
788 2014 963 2068 Augeat
1005 2013 1116 2055 hanc
1156 2012 1279 2054 vobis
1319 2010 1515 2054 fidutiam
1556 2010 1628 2064 qui
1665 2009 1803 2061 dedit,
1846 2023 1982 2062 eoque

217 2083 420 2125 libentius
467 2082 511 2123 in
557 2080 802 2123 adiuuanda
848 2079 946 2122 istic
989 2078 1215 2120 iuuentute
1259 2076 1550 2119 elaboratote:
1599 2075 1861 2130 permultum
1902 2088 1982 2116 vos

220 2149 490 2190 commoueat
521 2145 652 2188 velim
693 2147 894 2199 speratae
936 2143 1090 2185 salutis
1131 2142 1266 2184 ratio:
1309 2141 1428 2183 cuius
1460 2143 1509 2183 vt
1546 2140 1779 2195 participes
1812 2138 1982 2182 omnino

220 2213 327 2263 sitis,
360 2212 520 2267 partim
551 2211 595 2252 in
628 2209 894 2252 orationibus
926 2207 1085 2250 vestris
1117 2210 1161 2250 et
1193 2206 1423 2260 sacrifitijs,
1457 2205 1616 2260 partim
1638 2205 1682 2246 in
1702 2204 1884 2259 priuatis
1907 2217 1983 2246 ex-

219 2277 537 2320 hortationibus
579 2278 623 2318 et
665 2273 874 2328 exemplis
912 2272 1125 2327 pubplicis
1158 2270 1257 2326 [sic]
1292 2271 1422 2314 situm
1455 2273 1534 2313 est.
1598 2269 1681 2311 Hic
1719 2269 1763 2310 in
1794 2271 1982 2311 mentem

220 2343 341 2385 venit
372 2342 585 2396 triplex
616 2340 688 2382 ille
720 2338 1055 2388 funiculus1,
1090 2351 1216 2390 quem
1248 2350 1326 2390 per
1356 2350 1434 2377 uos
1467 2334 1535 2377 dei
1567 2333 1757 2377 charitas
1788 2333 1851 2376 ita
1883 2347 1984 2374 con-

220 2407 373 2457 iunxit,
407 2409 456 2448 vt
488 2405 580 2448 sine
613 2404 727 2446 omni
758 2406 940 2457 ruptura
973 2403 1119 2444 saluus
1152 2402 1334 2442 Romam
1366 2398 1660 2454 peruenerit2,
1694 2411 1985 2452 magnumque

222 2473 273 2515 (le
297 2487 342 2514 se
365 2471 462 2525 alijs
495 2470 669 2512 odorem
703 2468 940 2510 diffundere
972 2467 1058 2509 iam
1091 2465 1283 2520 coeperit
1295 2467 1323 2507 3.
1372 2464 1507 2507 Credo
1531 2478 1586 2506 ex
1607 2464 1792 2506 fratrum
1815 2463 1984 2504 illorum

221 2537 358 2581 literis
387 2550 466 2578 vos
487 2535 611 2590 plura
634 2534 945 2576 intellecturos.
995 2531 1127 2573 Dabit
1159 2544 1285 2585 spero
1318 2529 1524 2572 maiorem
1557 2528 1694 2571 indies
1726 2530 1985 2582 prouentum

345 2705 352 2724 ¹
386 2703 598 2744 ,Funiculus
624 2701 757 2747 triplex
784 2700 931 2735 difficile
956 2699 1177 2744 rumpitur“:
1204 2698 1341 2733 Eccles.
1367 2699 1399 2738 4,
1429 2698 1482 2732 12.

342 2756 355 2776 ²
381 2756 547 2799 Magistri
567 2755 729 2788 Andreas
748 2754 939 2799 Sydereus,
966 2753 1097 2786 Petrus
1116 2752 1356 2792 Schorichius,
1383 2751 1560 2785 Henricus
1579 2748 1784 2788 Baccelius;
1812 2747 1857 2781 cf.
1876 2756 1985 2791 supra.

226 2822 255 2853 p.
292 2809 490 2842 277—280.
547 2808 614 2850 Qui
650 2808 757 2842 etiam
792 2808 836 2841 ab
873 2808 1030 2841 Antonio
1065 2807 1176 2839 Vim-l.-
1211 2805 1244 2839 S.
1281 2805 1313 2839 J.
1349 2803 1545 2848 significari
1580 2802 1748 2836 videntur
1783 2800 1818 2834 in
1852 2798 1985 2834 litteris

225 2875 255 2895 a.
284 2863 373 2895 1548
400 2862 512 2895 Roma
539 2861 720 2896 Coloniam
756 2860 800 2894 ad
827 2860 1023 2893 Adrianum
1049 2858 1198 2892 Adriani
1225 2857 1258 2891 S.
1287 2857 1318 2891 J.
1354 2856 1494 2897 missis;
1530 2856 1565 2889 in
1601 2854 1729 2899 quibus
1763 2852 1852 2886 haec
1880 2854 1983 2886 sunt:

230 2915 398 2955 v..lum—nis
426 2915 569 2958 quidam
597 2914 653 2948 cui
689 2925 815 2947 nomen
852 2912 1018 2946 antonius
1054 2911 1113 2955 qui
1149 2923 1230 2945 cum
1258 2909 1310 2944 .D.
1346 2912 1447 2955 petro
1474 2907 1621 2943 Kanisio
1656 2905 1809 2940 leodium
1847 2904 1984 2949 profici-

224 2967 390 3000 scebatur
416 2979 494 3000 vum
522 2979 542 3000 a
568 2965 724 3011 capitulo
751 2965 943 2999 coloniensi
970 2965 1183 3004 mitteretur,
1211 2963 1254 2997 ad
1282 2974 1345 2997 nos
1369 2962 1469 2996 venit
1488 2960 1594 3005 [utin
1612 2959 1826 2993 Societatem
1852 2957 1984 3002 recipe-

226 3020 337 3062 retur]
366 3020 520 3063 quinque
548 3022 609 3053 aut
635 3031 699 3053 sex
727 3019 851 3052 diebus
881 3018 929 3061 (ni
958 3017 1076 3059 fallor)
1106 3019 1298 3060 antequam
1325 3018 1399 3049 tres
1425 3015 1557 3048 fratres
1574 3011 1703 3055 reliqui
1723 3010 1896 3049 venirent,
1924 3009 1983 3053 qui

226 3072 376 3112 benigne
403 3074 592 3116 susceptus
619 3074 675 3105 est
700 3074 736 3105 et
762 3071 796 3105 in
823 3070 992 3115 hospitali
1012 3069 1126 3104 sancti
1147 3068 1271 3103 Jacobi
1291 3066 1539 3101 incurabilium
1558 3065 1652 3098 vinis
1671 3063 1795 3098 christi
1814 3062 1986 3096 membris

226 3124 374 3159 inseruit
403 3124 684 3158 feruentissime*
719 3124 789 3167 (Ex
817 3122 1078 3167 *autographo
1122 3121 1205 3156 Cod.
1233 3120 1364 3155 colon.:
1395 3119 1498 3161 „Litt.
1526 3117 1655 3162 Epistt.
1682 3116 1778 3150 var.‘
1809 3115 1833 3149 f.
1861 3115 1935 3158 53).

346 3179 359 3197 ³
386 3176 437 3210 Cf.
465 3178 486 3210 2
515 3176 592 3210 Cor.
621 3178 652 3216 2,
681 3177 735 3210 14.
766 3177 817 3210 15.
