2113 3430
250 206 329 246 194
601 201 654 235 31.
692 200 725 234 S.
754 200 915 244 ignatius
941 199 1123 234 Leonardo
1150 199 1277 235 Kessel
1303 203 1337 235 et
1365 200 1470 235 Petro
1497 201 1649 236 Canisio.

245 336 324 362 non
369 320 459 361 sine
493 317 714 360 Pontificis
755 317 1092 359 confirmatione.
1156 318 1270 359 Nam
1302 321 1351 361 vt
1393 319 1544 372 dignos
1584 321 1741 363 habeat
1783 320 2004 374 operarios

244 384 451 427 Ecclesia.
485 396 747 437 magnopere
779 382 822 423 in
855 382 923 437 pie
955 382 1221 425 instituenda
1253 383 1477 426 iuuentute
1509 385 1789 427 laborandum
1822 388 1901 427 est.

362 451 461 491 Dux
501 447 816 490 illustrissimus
850 447 1071 489 Gandiae1
1114 448 1227 501 apud
1260 447 1477 501 Hispanos
1517 463 1674 491 nouum
1713 450 1841 503 erigit
1874 450 2003 491 colle-

241 516 356 568 gium
401 514 455 556 ad
497 513 678 555 eundem
710 514 837 554 finem
851 512 879 554 2.
949 513 1039 554 liex
1072 512 1379 565 Portugaliae³
1418 513 1503 554 iam
1545 514 1616 555 diu
1647 514 1758 556 idem
1791 515 2002 557 liberalis-

241 581 346 622 sime
389 578 621 634 prestitit&
687 578 880 630 Vterque
922 577 1009 618 suis
1051 577 1189 619 literis
1231 577 1284 618 ad
1326 578 1376 620 D.
1421 578 1635 631 Ignatium
1678 579 1790 621 datis
1832 583 2001 622 tantum

241 644 499 687 humilitatis
531 657 634 697 prae
667 657 713 684 se
745 643 952 690 tulerunt,
987 645 1035 685 vt
1067 656 1151 683 non
1185 656 1374 684 summos
1401 642 1634 697 Principes,
1668 644 1742 686 sed
1774 645 2002 687 modestis-

240 710 371 752 simos
413 713 457 752 et
497 708 835 762 simplicissimos
876 707 1109 748 monachos
1150 707 1315 749 referre
1356 707 1597 750 videantur.
1671 709 1753 752 Sed
1797 724 1874 751 nec
1919 710 1999 751 mei

240 779 308 818 est
341 775 438 829 otij,
473 788 551 815 nec
583 772 764 825 ingenii,
807 771 977 824 singula
1010 786 1204 825 quaeque
1237 772 1484 826 complecti,
1528 772 1658 825 digna
1690 773 1860 826 quidem
1892 788 2001 827 quae

240 841 295 882 ad
341 839 682 882 aedificationem
729 839 1071 891 exponerentur,
1118 837 1193 879 sed
1234 837 1469 891 prolixiora
1510 851 1638 890 quam
1679 842 1728 880 vt
1766 838 1832 880 his
1864 839 2001 881 literis

240 904 717 959 comprehenderentur.
782 902 941 956 Scripsi
983 916 1120 956 nuper
1160 902 1318 952 fusius,
1361 906 1409 945 vt
1452 903 1526 944 illa
1571 917 1738 956 quoque
1771 904 1892 945 vobis
1932 919 1999 946 re-

239 973 388 1024 petere
421 984 505 1011 non
538 969 716 1010 debeam
731 968 759 1009 5.
815 967 897 1009 Sed
929 967 1036 1008 haec
1068 970 1239 1009 tantum
1273 981 1322 1009 eo
1355 970 1555 1022 spectant
1587 968 1730 1009 omnia
1761 968 1818 1009 mi
1849 969 1999 1013 frater.

240 1038 286 1077 vt
311 1034 605 1077 CHRISTVM
637 1046 739 1074 vere
771 1032 1063 1085 longanimem
1097 1034 1140 1073 et
1171 1032 1392 1074 liberalem
1425 1035 1593 1087 patrem
1627 1047 1837 1086 agnoscas
1870 1033 1998 1075 etiam

239 1115 293 1142 ex
327 1100 469 1149 nobis,
513 1098 708 1152 agnitum
741 1097 955 1150 glorifices
997 1111 1074 1151 pro
1107 1097 1251 1147 nobis,
1294 1100 1338 1140 et
1369 1097 1657 1151 glorificatum
1689 1112 1800 1139 nouo
1833 1112 2001 1152 semper

237 1165 380 1208 studio
413 1163 770 1206 sanctificandum
803 1162 915 1204 scias
948 1162 990 1203 in
1023 1162 1158 1211 nobis,
1193 1163 1333 1215 quoad
1367 1177 1422 1204 ex
1454 1163 1590 1204 seruis
1622 1163 1999 1216 peregrinantibus

239 1230 554 1272 constituamur
575 1228 648 1282 filij
674 1242 769 1269 cum
791 1227 883 1282 ipso
916 1230 1042 1281 patre
1074 1227 1392 1281 triumphantes
1425 1228 1469 1269 in
1501 1227 1645 1270 caelis.
1694 1228 1786 1269 Illic
1808 1227 1893 1269 illic
1915 1242 1999 1269 vna

236 1295 389 1349 iungat
412 1309 488 1336 nos
509 1293 738 1341 faelicitas‚
763 1307 868 1346 quos
891 1292 1100 1334 hactenus
1123 1292 1174 1333 in
1197 1292 1287 1333 vin
1301 1293 1420 1334 culo
1443 1292 1596 1347 pacis
1614 1294 1629 1319 ⁶
1651 1293 1802 1334 eadem
1824 1292 1999 1346 stringit

237 1361 427 1402 charitas
450 1373 587 1401 amen.
631 1358 785 1400 Patres
810 1360 853 1399 et
875 1357 1036 1400 fratres
1060 1357 1131 1410 qui
1162 1360 1263 1399 sunt
1295 1358 1375 1399 hoc
1406 1358 1512 1407 loco,
1546 1357 1774 1412 plurimum
1807 1361 1851 1400 te
1883 1358 1999 1399 salu-

235 1428 334 1468 tant
367 1428 411 1467 et
443 1424 630 1466 animam
663 1425 784 1465 tuam
817 1422 1083 1464 orationibus
1115 1422 1279 1472 iuuant,
1314 1423 1418 1464 nihil
1443 1425 1672 1477 precantes
1696 1437 1721 1464 a
1742 1425 1786 1464 te
1808 1423 1999 1475 flagran-

235 1490 344 1535 tius,
378 1490 458 1531 nisi
491 1492 540 1531 vt
571 1488 760 1530 vicissim
793 1487 982 1542 ipsorum
1015 1487 1282 1536 memineris,
1320 1488 1575 1542 praesertim
1611 1488 1723 1542 apud
1757 1488 1797 1529 S.
1831 1487 1997 1540 Magos,

235 1556 349 1609 apud
383 1555 422 1597 S.
452 1554 660 1603 Thebeos‚
695 1553 809 1607 apud
841 1553 881 1595 S.
917 1553 1202 1595 Sodalitatem
1235 1554 1490 1595 Sanctarum
1523 1553 1583 1594 XI
1615 1553 1671 1594 M.
1696 1551 1923 1606 Virginum
1956 1555 1999 1594 et

235 1620 349 1674 apud
382 1620 422 1662 S.
447 1619 706 1661 Machabeos
722 1619 751 1660 ⁷.
796 1618 892 1659 Meo
926 1617 1095 1659 nomine
1128 1618 1337 1660 salutabis
1371 1618 1442 1671 qui
1474 1632 1551 1659 nos
1584 1620 1733 1659 amant
1764 1617 1807 1658 in
1829 1617 1997 1659 Christo

236 1685 417 1727 amicos:
469 1683 720 1726 nominatim
772 1686 917 1725 autem
959 1684 1016 1725 M.
1057 1683 1288 1725 Andream.
1361 1684 1412 1724 D.
1455 1682 1679 1724 Danielem
1722 1685 1765 1725 et
1806 1682 1851 1724 P.
1894 1682 1996 1723 Car-

234 1751 403 1793 thusiae
450 1750 649 1804 priorem.
725 1748 920 1801 Denique
967 1749 1017 1790 D.
1067 1750 1215 1790 noster
1261 1748 1539 1802 Praepositus
1596 1762 1764 1789 omnem
1821 1761 1994 1801 operam

235 1831 356 1858 suam
381 1817 506 1857 offert
538 1813 839 1869 promittitque
864 1813 955 1855 tibi.
990 1813 1124 1855 sicubi
1157 1816 1366 1867 paternae
1397 1812 1510 1854 illius
1544 1827 1648 1866 erga
1679 1815 1723 1854 te
1757 1811 1995 1854 dilectionis

234 1883 537 1934 argumentum
580 1879 825 1933 desyderes.
897 1879 1015 1920 Bene
1058 1879 1156 1920 vale
1198 1880 1242 1920 et
1282 1879 1402 1920 salue
1443 1877 1487 1919 111
1528 1877 1770 1920 CHRISTO
1812 1876 1995 1918 Domino

233 1950 394 1989 nostro.
465 1945 539 1987 Cui
586 1945 680 1986 laus
729 1947 771 1986 et
818 1943 956 1985 honor
1002 1943 1045 1984 in
1092 1944 1267 1985 saecula
1313 1943 1583 1985 saeculorum
1631 1956 1768 1984 amen.
1834 1942 1995 1983 Romae

234 2011 392 2065 raptim
425 2011 465 2052 II
497 2010 613 2063 Junij
650 2011 776 2051 1546.

1248 2074 1403 2115 Petrus
1437 2072 1489 2114 de
1522 2072 1661 2114 Hallis
1694 2075 1792 2114 tuus

1163 2138 1363 2191 indignus
1395 2138 1535 2180 frater
1567 2140 1611 2179 et
1643 2151 1874 2179 conseruus

1325 2203 1368 2244 in
1401 2202 1569 2244 Christo
1601 2203 1719 2244 Jesu.

1073 2336 1154 2377 31.

759 2438 1079 2481 SANCTUS
1113 2438 1464 2481 IGNATIUS

233 2534 549 2581 PATRIBUS
586 2533 931 2580 LEONARDO
968 2534 1203 2579 KESSEL
1236 2534 1313 2579 ET
1347 2534 1552 2580 PETRo
1582 2534 1836 2580 CANISIO
1865 2534 1910 2580 S.
1940 2534 1986 2580 .J.

909 2647 1019 2683 Roma
1046 2648 1078 2682 6.
1105 2646 1197 2682 1111111
1223 2646 1319 2682 1546.

351 2731 403 2765 Ex
431 2732 626 2776 archetypo
656 2731 723 2769 (⁴20.
750 2732 765 2764 1
788 2731 849 2775 p.).
886 2731 1048 2774 ignatius
1074 2731 1149 2775 ipse
1176 2731 1319 2775 scripsit
1346 2731 1470 2764 ultima
1499 2731 1607 2764 verba
1634 2731 1809 2775 epistulae
1840 2730 1987 2771 (Romae

271 2804 275 2806 -
304 2785 480 2827 ignatius)
511 2796 660 2828 eamque
688 2784 890 2828 inscripsit:
929 2786 1047 2817 cetera
1074 2795 1093 2817 a
1121 2783 1159 2817 P.
1188 2784 1318 2817 Ioanne
1344 2784 1386 2817 de
1414 2783 1589 2821 Polanco,
1627 2783 1757 2826 Ignatii
1783 2783 1986 2819 secretario.

232 2837 364 2881 scripta
401 2850 479 2871 esse
515 2838 692 2871 videntur.
745 2837 799 2870 Ex
834 2837 1014 2881 frequenti
1050 2837 1154 2870 huius
1190 2837 1366 2881 epistulae
1393 2837 1491 2870 cultu
1517 2848 1654 2880 usuque
1696 2836 1753 2877 (de
1789 2847 1857 2879 quo
1884 2835 1985 2872 infra,

234 2893 311 2933 post
347 2891 536 2934 epistulam
573 2891 705 2935 ipsam,
742 2890 932 2932 scribetur)
971 2890 1085 2923 multa
1121 2890 1197 2923 eius
1234 2889 1407 2924 vocabula
1443 2890 1584 2923 0111111110
1611 2891 1671 2922 aut
1699 2900 1742 2922 ex
1770 2892 1869 2932 parte
1905 2900 1985 2922 eva-

235 2947 383 2993 nuerunt
411 2947 471 2977 11111
500 2948 569 2977 tau]
599 2944 747 2977 obscura
776 2943 913 2977 reddita
940 2946 1032 2983 sunt,
1060 2946 1098 2976 111
1124 2943 1197 2985 legi
1224 2943 1293 2976 iam
1320 2955 1388 2976 non
1416 2943 1563 2987 possint.

355 3077 360 3094 ¹
390 3075 601 3107 l·'ruuciss·us
631 3076 787 3118 Rorgias.
932 3076 945 3096 ²¹
972 3076 1141 3110 Gandiae.
1289 3077 1302 3096 ⁸
1327 3077 1477 3109 Ioannes
1506 3076 1563 3109 111.

351 3130 361 3147 ⁴
391 3127 643 3161 (Jonimluricae.
790 3130 802 3147 ⁵
829 3129 926 3162 Haec
953 3129 1105 3173 epistula
1134 3130 1202 3162 iam
1229 3141 1297 3162 non
1324 3131 1467 3163 exstare
1495 3128 1646 3161 videtur.

351 3181 363 3197 ‘³
393 3180 477 3224 liph.
504 3181 535 3214 4.
564 3182 593 3212 :-*.,
740 3182 751 3200 '¹
779 3180 831 3214 Cf.
859 3193 965 3225 supra
995 3194 1024 3225 p.
1055 3182 1130 3215 372.
1161 3182 1258 3215 173³.
1289 3182 1386 3215 173⁴.
1417 3181 1515 3215 173⁶.
