2113 3430
883 198 915 233 8.
942 198 1034 232 iumi
1062 198 1164 232 1554.
1765 177 1769 180 ’
1816 199 1901 239 475

138 317 230 359 ficis
269 315 313 358 in
354 315 519 357 oriente
562 315 927 367 constituendis1,
971 316 1023 357 de
1066 315 1321 357 Germanico
1364 314 1544 368 collegio
1582 314 1779 356 Romae2
1820 316 1902 356 eto.

139 380 371 434 Permagni
401 380 577 431 referet,
613 381 664 423 de
696 381 853 423 Indicis
885 381 1013 422 rebus
1046 383 1090 422 et
1114 380 1157 422 id
1190 394 1326 433 genus
1358 379 1453 421 aliis
1486 379 1658 433 saepius
1689 379 1772 420 huc
1804 378 1904 420 mit-

139 447 287 489 tere3:
328 445 536 488 iuvantur
576 446 689 487 enim
729 446 910 488 istorum
953 445 1084 487 animi
1124 445 1405 486 vehementer
1443 444 1487 485 in
1518 443 1765 496 Religione,
1809 458 1903 485 cum

139 511 253 554 inter
283 509 495 564 pessimos
526 510 634 552 haec
667 510 883 564 accipiunt
914 512 1005 551 tam
1038 509 1164 559 bona,
1197 509 1315 551 laeta
1348 512 1392 550 et
1424 509 1646 550 salutaria.

257 575 323 617 De
355 575 546 617 adventu
577 575 728 618 fratris
758 575 841 616 mei
871 575 929 616 M.
953 573 1221 623 Theodorici,
1255 574 1307 615 de
1336 573 1526 614 discessu
1556 573 1734 615 alterius
1749 574 1778 619 4,
1811 575 1905 615 tuin

142 640 193 686 de
225 641 345 682 statu
375 653 520 680 rerum
551 639 595 681 in
626 640 706 682 hoc
732 638 1010 681 Archiducali
1043 638 1225 690 collegio
1257 641 1476 691 postremo
1510 637 1578 690 egi
1610 637 1748 678 fusius
1763 638 1792 679 5.
1840 637 1905 678 De

142 704 344 747 Polonico
389 704 579 757 Collegio
623 704 727 746 nihil
771 718 884 746 nunc
926 702 1028 745 novi
1044 703 1072 745 ⁶.
1146 702 1355 744 Dominus
1399 702 1542 755 gratia
1585 701 1683 743 fidei
1728 703 1905 743 sanctae

142 769 527 824 septentrionalem
559 773 726 823 partem
760 769 964 818 illustret,
997 782 1048 810 ac
1080 767 1304 809 Ecclesiae
1336 766 1541 809 restituat
1572 780 1710 808 amen.

260 834 355 876 Hoc
387 834 442 876 ad
474 837 715 876 extremum
747 834 925 883 addam,
964 847 1033 874 me
1065 832 1194 874 valde
1226 846 1404 886 cupere,
1446 834 1495 874 ut
1526 831 1561 873 si
1593 831 1776 873 nominis
1808 831 1904 872 Iesu

143 898 375 952 singularis
406 899 626 942 festivitas
658 913 743 940 non
776 898 859 940 3110
893 897 973 947 die,
1008 912 1137 951 quam
1160 896 1504 939 Circumcisionis
1533 896 1703 938 Domini
1736 895 1906 937 videtur

144 963 427 1014 observanda,
461 964 617 1006 saltem
638 963 674 1005 is
695 963 787 1017 ipse
820 963 911 1004 dies
942 976 1021 1004 nos
1054 962 1107 1004 ad
1139 962 1345 1004 maiorem
1379 961 1653 1004 devotionem
1686 962 1905 1015 provocet,

144 1029 397 1082 quibusdam
436 1027 674 1082 privilegiis
707 1027 914 1070 Societati
955 1030 1132 1069 nostrae
1163 1026 1207 1068 in
1238 1027 1320 1069 hoc
1350 1026 1634 1081 impetrandis
1679 1028 1831 1068 auctus
1864 1028 1907 1067 et

145 1096 324 1136 ornatus
339 1094 368 1136 ⁷.
432 1093 524 1142 Qua
557 1093 609 1134 de
639 1107 688 1134 re
719 1092 929 1147 scriptum
962 1095 1030 1135 est
1062 1106 1088 1134 a
1119 1106 1187 1134 me
1220 1092 1340 1134 alias.

265 1158 394 1200 Soror
425 1172 637 1200 novercae
657 1171 794 1207 meae,
829 1172 958 1210 quam
979 1157 1112 1200 habet
1143 1159 1329 1199 matrem
1351 1158 1408 1199 M.
1433 1156 1722 1198 Theodoricus
1754 1155 1905 1204 frater,

147 1225 274 1266 offert
306 1222 512 1265 Societati
544 1223 716 1264 domum
748 1236 833 1264 non
866 1222 1254 1276 contempnendam
1284 1221 1560 1275 Noviomagi,
1595 1223 1643 1263 ut
1673 1220 1907 1274 hospitium

147 1288 227 1330 sibi
268 1290 468 1342 paratum
508 1287 596 1329 illic
635 1287 848 1337 habeant,
891 1287 1059 1340 quoties
1101 1287 1329 1336 accedent,
1374 1287 1445 1340 qui
1477 1289 1578 1328 sunt
1614 1285 1740 1327 huius
1771 1284 1906 1327 nostri

146 1352 334 1396 instituti
347 1353 376 1395 8.
430 1352 566 1405 Virgo
599 1355 667 1395 est
698 1366 833 1394 senex
866 1355 910 1395 et
941 1352 1013 1406 pia
1045 1354 1184 1402 certe,
1229 1351 1431 1406 cupitque
1471 1365 1747 1405 responsum,
1786 1352 1834 1391 ut
1864 1349 1908 1390 in

148 1417 256 1459 alios
295 1416 388 1471 pios
428 1430 531 1458 usus
572 1416 744 1458 domum
783 1417 895 1459 hanc
936 1417 1199 1466 transferat,
1242 1416 1278 1458 si
1316 1417 1507 1459 oblatam
1546 1417 1719 1457 recuset
1759 1417 1909 1457 nostra

149 1481 354 1524 Societas.
407 1480 548 1531 Quare
581 1481 712 1535 digna
742 1481 845 1523 mihi
878 1481 1062 1533 videtur,
1097 1482 1164 1523 cui
1195 1482 1267 1523 vel
1298 1495 1376 1536 per
1407 1495 1475 1523 me
1506 1482 1577 1523 vel
1608 1494 1686 1534 per
1718 1479 1825 1521 alios
1857 1479 1909 1521 de

149 1547 198 1589 R.
232 1546 279 1589 P.
312 1546 529 1588 sententia
560 1561 663 1588 mox
694 1546 972 1589 rescribatur.

149 1691 183 1725 di
211 1690 346 1733 Cristo,
382 1703 401 1724 e
433 1690 731 1734 domandandogli
758 1689 792 1723 la
819 1690 1101 1724 confermazione
1127 1689 1162 1723 di
1191 1689 1233 1723 12
1260 1691 1278 1722 ό
1308 1689 1349 1723 13
1376 1688 1532 1723 Vescovi
1559 1688 1717 1722 cattolici
1753 1700 1771 1722 e
1799 1686 1910 1731 quali-

148 1744 244 1778 ficati
271 1744 336 1778 6116
362 1743 424 1778 Lei
449 1743 496 1777 ha
521 1744 747 1788 presentato“
781 1742 929 1786 (Cartas
954 1743 976 1776 1.
1005 1754 1033 1777 c.
1062 1754 1094 1787 p.
1121 1742 1219 1784 452).

271 1798 281 1818 ¹
306 1796 420 1831 Iulius
444 1797 505 1831 111.
533 1808 562 1831 a.
593 1796 682 1830 1553
708 1795 991 1841 Hierosfflymae,
1019 1795 1338 1840 Constantinopoli,
1368 1794 1404 1828 in
1430 1794 1548 1828 insula
1575 1794 1692 1839 Cypro
1720 1792 1910 1827 societatis

150 1850 303 1893 collegia
328 1849 479 1884 condere
505 1851 702 1890 statuerat3
738 1851 776 1883 at
801 1849 877 1883 eius
903 1852 1016 1883 morte
1052 1848 1202 1893 aliisque
1228 1849 1427 1882 rationibus
1461 1847 1497 1881 in
1522 1848 1674 1881 nihilum
1700 1859 1757 1881 res
1784 1845 1912 1880 recidit

153 1903 300 1947 (cartas
332 1903 356 1937 1.
383 1915 412 1937 6.
447 1915 480 1947 p.
507 1903 586 1936 451.
651 1903 873 1936 Orlandinus
908 1902 930 1936 l.
958 1914 986 1936 6.
1023 1901 1046 1936 l.
1076 1902 1138 1942 13,
1173 1913 1206 1936 n.
1236 1902 1266 1936 1.
1328 1903 1477 1935 Steecart
1512 1903 1622 1940 Rose,
1661 1900 1712 1934 St.
1748 1900 1912 1944 Ignatius

151 1956 285 2002 Loyola
310 1956 379 1990 and
404 1956 466 1990 the
493 1955 593 2001 early
620 1955 758 1990 Jesuits
785 1954 945 1999 [London
973 1954 1080 1997 1891)
1108 1967 1140 1999 p.
1170 1954 1367 1989 522—523.
1395 1953 1611 1997 588—589).

271 2010 284 2029 ‘·'
314 2009 362 2051 „11
388 2008 536 2052 collegio
563 2009 774 2044 Germanico
800 2011 949 2053 passera
975 2008 1009 2041 di
1045 2009 1088 2042 56
1114 2019 1265 2053 persone
1301 2020 1319 2041 6
1352 2008 1387 2041 (11
1412 2019 1516 2041 1113110
1551 2007 1588 2040 111
1614 2018 1718 2041 mano
1752 2006 1783 2040 si
1808 2016 1913 2050 spera

150 2063 172 2096 l'
189 2068 355 2096 aumento
381 2062 630 2096 assentandosi
655 2073 786 2096 ancora
811 2061 845 2096 le
872 2072 953 2096 cose
978 2061 1187 2106 temporali,
1225 2073 1243 2095 e
1270 2061 1380 2105 quelli
1406 2061 1470 2094 che
1497 2060 1529 2094 ci
1555 2072 1660 2099 sono,
1697 2060 1804 2093 fanno
1830 2059 1913 2092 buo-

150 2115 297 2150 nissimo
331 2115 445 2149 frutto
479 2115 573 2149 nelle
607 2115 735 2149 lettere
771 2126 789 2148 e
824 2115 940 2149 danno
974 2115 1069 2149 buon
1104 2114 1261 2159 esempio
1293 2114 1387 2148 della
1422 2114 1499 2147 vita
1533 2115 1618 2147 sua“
1653 2113 1800 2156 (Carras
1831 2112 1854 2145 l.
1882 2123 1900 2145 6

152 2180 184 2213 p.
211 2167 429 2211 450—451).

272 2222 285 2242 ³
310 2221 474 2266 Epistula
509 2233 529 2255 a
556 2220 657 2255 80610
693 2221 846 2266 quodam
882 2233 926 2255 ex
953 2221 1063 2254 Indiis
1092 2221 1204 2254 missa
1238 2221 1337 2265 typis
1374 2220 1557 2264 exscripta
1591 2221 1669 2253 erat
1704 2230 1795 2252 anno
1824 2217 1913 2251 1553

155 2274 299 2319 (Cartas
316 2274 359 2308 de
377 2276 454 2308 San
472 2276 618 2317 Iynacz'o
636 2273 696 2315 IV,
716 2274 766 2317 8).
800 2274 920 2318 Atque
946 2274 1017 2307 iam
1044 2285 1135 2307 anno
1164 2274 1251 2308 1551
1281 2273 1463 2308 Coloniam
1490 2273 1620 2307 allatos
1647 2284 1725 2306 esse
1757 2270 1914 2311 „libellos

152 2328 325 2372 quosdam
359 2327 553 2372 impressos
589 2327 631 2361 de
665 2327 772 2361 rebus
799 2327 990 2361 Societatis
1026 2329 1062 2360 et
1087 2327 1130 2360 de
1155 2327 1328 2371 martyrio
1354 2326 1475 2360 Patris
1501 2325 1665 2360 Antonii*
1698 2323 1914 2369 [Criminalis

152 2381 188 2414 in
213 2380 314 2414 India
339 2380 460 2424 occisi]
487 2392 601 2424 nuper
626 2380 849 2425 patefactum
875 2382 931 2413 est
956 2379 1087 2413 litteris
1113 2379 1153 2413 P.
1180 2379 1355 2414 Leonardi
1381 2379 1557 2420 Kesselii,
1594 2378 1739 2412 Colonia
1766 2377 1820 2410 31.
1848 2376 1914 2410 De-

153 2433 306 2468 cembris
333 2433 421 2467 1551
455 2433 499 2467 ad
526 2433 559 2468 8.
586 2433 768 2476 Ignatium
795 2433 907 2473 datis,
944 2444 1035 2477 quae
1062 2432 1178 2466 editae
1203 2434 1289 2466 sunt
1313 2433 1349 2466 in
1379 2434 1548 2474 „Litteris
1573 2430 1910 2476 quadriniestribns²

154 2487 179 2527 Ι,
206 2486 403 2520 462-464,
549 2488 562 2506 4
589 2485 733 2520 Ottonis
760 2486 904 2521 Canisii.
1051 2486 1064 2505 ⁵
1090 2485 1255 2530 Epistula
1280 2485 1343 2519 illa
1369 2498 1439 2519 non
1464 2487 1639 2530 superest.

274 2539 287 2558 ⁶
311 2537 364 2572 De
390 2538 457 2572 hoc
481 2539 564 2573 vide
590 2551 699 2584 supra
724 2551 758 2583 p.
784 2539 983 2573 459—460.

274 2592 286 2611 Τ
312 2591 352 2625 111
378 2591 646 2625 circumcisione
673 2592 804 2626 domini
835 2593 1022 2633 „vocatum
1049 2593 1105 2625 est
1130 2603 1258 2625 nomen
1285 2591 1362 2625 eius
1388 2591 1514 2625 Jesus‘
1548 2590 1647 2633 (Luc.
1675 2590 1706 2625 2,
1733 2588 1807 2631 21).
1851 2587 1915 2621 Ρ10

156 2644 257 2678 Beati
281 2643 379 2677 Petri
406 2644 580 2678 desiderio
605 2644 812 2689 plenissime
838 2644 1066 2678 satisfactum
1094 2646 1149 2677 est
1174 2646 1297 2678 nostro
1323 2646 1483 2688 tempore
1510 2654 1572 2687 per
1598 2652 1777 2676 summum
1803 2640 1916 2685 ponti-

154 2698 256 2731 ficem
274 2696 427 2731 Leonem
445 2696 552 2738 XIII..
579 2698 639 2741 qui
665 2698 772 2731 etiam
799 2698 830 2731 6.
850 2697 1058 2731 Decembris
1086 2696 1176 2731 1888
1196 2697 1384 2737 concessit,
1411 2699 1450 2730 ut
1476 2696 1609 2729 festum
1637 2693 1917 2728 circumcisionis

155 2750 286 2784 domini
316 2749 363 2793 (1.
390 2749 480 2793 Ian.)
518 2750 553 2783 in
589 2749 758 2784 universa
784 2749 963 2784 Societate
989 2750 1071 2783 Iesu
1103 2750 1187 2791 „sub
1222 2750 1295 2783 ritu
1331 2748 1463 2793 duplici
1500 2748 1634 2792 primae
1665 2747 1813 2781 elassis*
1843 2746 1916 2786 fiat,

156 2806 192 2837 et
220 2803 273 2837 12.
300 2802 457 2836 Ianuarii
484 2802 574 2837 1886
599 2802 859 2846 indulgentiam
886 2802 1085 2847 plenariam
1110 2802 1275 2836 fidelibus
1302 2802 1441 2836 cunctis
1467 2800 1617 2840 obtulit,
1653 2800 1732 2844 qui,
1762 2799 1917 2833 confessi

157 2860 193 2890 et
218 2867 322 2890 sacra
348 2855 594 2889 communione
619 2856 756 2897 refecti,
783 2868 823 2889 eo
851 2856 906 2889 die
933 2855 991 2889 vel
1017 2867 1086 2889 uno
1113 2867 1157 2889 ex
1187 2858 1326 2899 septem
1352 2854 1513 2899 proxime
1539 2852 1833 2887 antecedentibus
1860 2852 1918 2886 vel

157 2908 458 2953 subsequentibus
485 2908 528 2942 ab
554 2908 642 2952 ipsis
669 2908 831 2952 eligendo
850 2908 1048 2952 quamlibet
1073 2907 1260 2942 ecclesiam
1280 2907 1338 2940 vel
1365 2906 1539 2951 capellam
1558 2905 1748 2940 Societatis
1766 2905 1919 2940 adierint

157 2961 276 3006 ibique
307 2961 521 3003 „secundum
556 2961 788 2995 intentionem
823 2961 952 2995 summi
988 2960 1186 3005 pontificis“
1226 2960 1417 2993 oraverint.
1469 2960 1521 2993 Ac
1557 2959 1665 2993 simili
1694 2958 1918 3002 indulgentia

158 3013 328 3059 plenaria,
354 3014 560 3059 petentibus
586 3013 767 3047 Everardo
792 3013 1018 3047 Mercuriano
1044 3015 1081 3046 et
1106 3012 1296 3046 Francisco
1323 3012 1411 3046 R-etz
1437 3011 1652 3057 praepositis
1679 3011 1918 3055 generalibus,

160 3067 253 3102 idem
293 3067 427 3101 festum
469 3069 686 3101 ornaverant
729 3066 923 3109 Gregorius
962 3066 1057 3099 XIII.
1121 3066 1167 3109 (7.
1207 3065 1293 3099 Maii
1338 3066 1443 3107 1578)
1490 3067 1526 3099 et
1566 3065 1784 3099 Benedictus
1822 3064 1916 3097 XIV.

163 3120 210 3163 (6.
238 3120 404 3154 Octobris
432 3119 551 3163 1750).

281 3173 293 3193 ⁸
319 3173 484 3218 Epistula
510 3173 572 3206 illa
598 3172 675 3206 sive
702 3171 833 3206 oblatio
859 3171 1011 3215 virginis
1038 3170 1331 3214 religiosissimae
1357 3173 1509 3215 ponetur
1535 3171 1638 3213 infra,
1665 3182 1818 3204 monum.
1841 3170 1917 3204 103.
