2113 3430
180 204 263 244 476
549 196 626 231 153.
663 195 828 230 Canisius
854 194 977 228 Ioanni
1003 193 1045 227 de
1071 193 1236 228 Polanco.
1279 194 1311 228 8.
1339 193 1430 228 Iunii
1459 193 1559 227 1554.

297 316 361 357 De
402 313 669 368 profectione
702 313 751 354 R.
785 312 832 354 P.
865 310 1014 364 Lanoij
1053 313 1097 353 et
1137 324 1232 352 mea
1265 311 1307 351 in
1339 310 1577 363 Ungariam
1620 312 1797 365 propter
1831 309 1940 363 Syn-

179 381 304 422 odum
338 379 441 420 nihil
475 378 635 426 dubito,
671 377 770 430 quin
804 375 1072 418 audieritis1.
1135 374 1345 416 Dominus
1376 375 1493 417 illam
1527 376 1634 416 bene
1666 377 1833 417 vertat!

295 450 447 492 Habeo
479 449 523 490 in
553 448 770 490 mandatis
793 461 818 489 a
840 447 960 500 Rege
992 447 1154 494 nostro,
1188 448 1236 487 ut
1263 445 1317 487 ad
1339 445 1390 487 R.
1414 445 1460 488 P.
1484 445 1784 500 Praepositum
1806 444 1939 498 ipsius

179 515 349 557 nomine
380 514 552 557 mittam
584 512 910 567 supplicationis
942 511 1187 560 formulam,
1222 524 1277 551 ex
1309 523 1393 563 qua
1425 509 1704 563 intelligetur,
1739 509 1838 563 quid
1862 524 1939 551 sua

179 580 386 623 Maiestas
427 579 541 633 apud
575 578 901 620 Sanctissimum
940 575 1164 630 impetrari
1196 574 1303 616 velit
1345 588 1490 616 coram
1521 588 1598 628 per
1627 574 1673 617 P.
1708 574 1938 628 Ignatium.

179 650 226 688 ut
259 645 325 687 cui
356 645 437 686 hac
459 645 503 686 in
525 646 650 698 parte
681 643 775 684 fidit
806 641 959 694 magis,
993 655 1121 694 quam
1154 640 1239 689 alii,
1274 639 1406 682 etiam
1428 639 1593 692 Legato
1616 653 1692 681 suo
1707 640 1736 681 2.
1782 639 1941 692 Agitur

179 711 230 752 de
263 709 537 764 hospitalium
572 722 780 750 novorum
814 706 1053 755 erectione,
1094 705 1160 747 cui
1193 718 1367 746 causam
1400 703 1599 758 praebuit
1631 706 1940 746 testamentum

179 775 376 817 relictum
397 775 515 816 Caes.
539 772 822 815 Maximiliani
851 772 995 813 clarae
1015 784 1141 812 mem.
1185 769 1372 817 Confido,
1400 782 1486 810 non
1512 768 1743 811 difficulter
1768 769 1938 810 exorari

178 854 305 894 posse
328 839 592 888 Pontificem,
625 840 674 880 ut
705 837 866 891 optimo
890 836 999 889 Regi
1022 835 1267 877 consentiat
1288 834 1331 875 in
1353 834 1431 883 his,
1466 847 1577 886 quae
1600 836 1752 875 contra
1783 833 1941 874 nullius

178 905 284 947 iuris
316 904 652 958 dispositionem,
687 905 731 944 et·
753 903 890 943 solum
914 901 968 943 ad
990 900 1084 955 pias
1114 913 1268 942 causas
1300 901 1520 953 petuntur,
1554 898 1666 940 sicut
1694 898 1820 952 paulo
1843 900 1941 951 post

180 985 235 1012 ex
267 970 370 1024 ipsis
403 969 540 1011 literis
580 967 687 1010 meis
722 966 942 1021 accipietis
958 967 986 1008 3.
1051 965 1198 1007 Scribo
1232 964 1286 1006 ad
1318 964 1368 1006 R.
1403 964 1448 1006 P.
1482 964 1676 1017 Laynes‚
1719 964 1767 1004 ut
1799 962 1834 1004 si
1865 976 1942 1016 per

179 1049 257 1077 vos
298 1035 448 1084 liceat,
495 1036 539 1076 et
579 1032 751 1075 Domini
791 1033 994 1074 voluntas
1036 1030 1266 1080 concedat,
1312 1029 1394 1071 huc
1437 1026 1656 1082 adlvo]let
1697 1027 1939 1080 aliquando.

180 1099 438 1141 Commendo
480 1112 548 1140 me
588 1098 745 1140 iteruin
788 1100 920 1150 atque
960 1096 1117 1137 iterum
1156 1095 1206 1137 R.
1240 1095 1287 1137 P.
1323 1092 1413 1148 [T]
1456 1093 1654 1147 precibus
1695 1095 1739 1134 et
1779 1091 1942 1134 sanctis

180 1164 410 1213 sacrifitiis,
444 1166 575 1216 atque
607 1176 684 1216 pro
713 1161 944 1204 Germania
975 1163 1127 1203 nostra
1149 1159 1320 1201 solliciti
1350 1159 1394 1200 in
1416 1157 1598 1200 Domino
1622 1171 1716 1199 esse
1748 1156 1942 1211 pergatis

180 1243 298 1282 rogo.
362 1229 412 1271 R.
446 1229 492 1270 P.
528 1228 712 1270 Olavum
743 1227 787 1268 in
819 1226 986 1268 Christo
1019 1239 1191 1280 precor,
1225 1228 1274 1267 ut
1305 1224 1390 1265 mei
1422 1223 1613 1277 opusculi
1647 1236 1814 1275 quoque
1847 1235 1941 1263 cor-

180 1297 324 1336 rector
356 1293 548 1342 accedat,
582 1306 720 1345 neque
753 1292 839 1333 ullo
872 1294 1001 1345 pacto
1035 1290 1248 1332 condonet
1279 1288 1375 1331 rudi
1407 1288 1591 1337 authori,
1625 1287 1717 1328 sive
1744 1287 1795 1329 de
1827 1287 1940 1335 stilo,

180 1359 272 1401 sive
306 1359 357 1401 de
389 1373 518 1401 sensu
559 1358 772 1410 agendum
806 1357 875 1399 sit.
940 1356 1060 1405 Quod
1101 1355 1283 1397 offitium
1322 1368 1347 1395 a
1379 1354 1429 1396 R.
1464 1353 1510 1395 P.
1546 1353 1592 1395 T.
1634 1353 1769 1394 multo
1801 1352 1942 1405 magis

180 1427 338 1479 exopto
373 1427 415 1466 et
449 1424 656 1477 expecto:
699 1422 773 1463 sed
805 1424 853 1463 ut
886 1420 996 1469 dixi,
1038 1433 1159 1461 mora
1192 1433 1324 1472 queso
1356 1419 1399 1460 in
1431 1418 1691 1460 remittendo
1724 1416 1781 1459 sit
1813 1430 1941 1469 quam

180 1489 367 1538 minima,
403 1488 462 1529 sic
495 1487 749 1540 urgentibus
781 1499 850 1528 me
882 1485 1030 1538 Regiis
1063 1484 1330 1527 consiliariis.

298 1570 491 1612 Viennae
525 1571 562 1612 8.
596 1569 706 1612 Iunii
742 1570 866 1610 1554.

1134 1649 1184 1691 R.
1220 1649 1266 1691 T.
1301 1662 1453 1690 servus
1485 1647 1577 1689 Pet.
1612 1646 1819 1689 Canisius.

301 1793 311 1813 ¹
337 1792 378 1826 A.
408 1791 498 1825 1553
525 1790 813 1835 archiepiscopus
839 1788 1089 1833 strigoniensis
1114 1787 1350 1831 (Esztergom,
1378 1785 1490 1829 Gran)
1520 1788 1555 1819 et
1581 1786 1714 1830 primas
1733 1785 1939 1828 Huugariae

179 1847 322 1879 creatus
357 1847 433 1879 erat
468 1844 620 1878 eximius
655 1845 711 1877 vir
736 1843 906 1877 Nicolaus
933 1841 1069 1876 Olahus
1108 1841 1253 1883 (Olah);
1289 1841 1349 1884 qui
1385 1839 1609 1884 disciplinam
1645 1838 1938 1878 ecclesiasticam,

179 1898 335 1942 quinque
361 1898 508 1943 synodis
535 1897 683 1933 habitis.
710 1896 868 1930 restituit
895 1897 930 1929 et
957 1894 1146 1929 Societatis
1172 1894 1253 1927 Iesu
1280 1893 1469 1937 collegium
1497 1904 1588 1926 anno
1618 1892 1704 1925 1561
1734 1890 1939 1936 Tyrnaviae

179 1952 374 1985 coustituit.
426 1950 559 1995 Synodi
594 1962 638 1984 ex
674 1949 878 1994 proceribus
914 1947 1169 1982 ecclesiasticis
1204 1950 1240 1981 et
1274 1946 1442 1981 civilibus
1467 1945 1621 1985 mixtae,
1657 1956 1747 1988 quas
1777 1944 1934 1987 ,regias‘

179 2004 424 2049 appellarunt,
459 2004 634 2038 Posoniae
668 2004 703 2037 in
729 2002 916 2046 Hungaria
950 2001 1094 2035 habitae
1129 2002 1214 2034 sunt
1248 2000 1351 2034 annis
1380 1999 1470 2033 1554
1505 2002 1541 2032 et
1570 1998 1669 2032 1555.
1721 1996 1772 2030 De
1811 1997 1939 2041 quibus

181 2060 344 2101 {quatias
378 2069 486 2090 eomes
520 2058 561 2090 de
592 2057 793 2100 Battlaycin,
829 2055 1017 2100 episcopus
1052 2053 1362 2094 T1·anssilvaniae‚
1402 2052 1437 2085 in
1472 2051 1647 2094 ,Legibus
1674 2050 1939 2085 Ecclesiasticis

180 2111 281 2154 regni
309 2110 534 2154 Hungariae“
566 2110 579 2143 Ι
610 2108 942 2152 (Albae-Carolinae
971 2107 1090 2150 1785),
1117 2106 1314 2140 622—624.

299 2164 313 2184 2
338 2163 495 2197 Did-acus
521 2163 563 2196 de
590 2163 700 2196 Lasso
727 2163 756 2196 is
783 2164 870 2195 erat.

299 2217 311 2236 ³
336 2216 580 2250 Ferdinandus
607 2216 738 2249 litteris
767 2215 823 2257 „in
847 2214 976 2259 oppido
1002 2212 1227 2247 Pardowicz“
1261 2211 1470 2255 (Pardubitz
1496 2210 1532 2245 in
1556 2208 1743 2251 Boheniia)
1772 2208 1828 2242 21.
1855 2207 1938 2252 Sep-

179 2270 326 2304 tembris
356 2270 445 2303 1554
472 2269 565 2303 datis
591 2269 717 2303 Iulium
746 2268 819 2309 111„
845 2270 886 2301 ut
912 2266 1051 2310 Ignatio
1078 2266 1113 2299 in
1137 2277 1177 2299 eo
1195 2264 1339 2308 negotio
1356 2265 1460 2309 plene
1486 2263 1623 2303 fideret,
1650 2261 1802 2305 rogavit,
1829 2272 1938 2304 seque

180 2324 212 2357 id
240 2323 484 2357 testimonium
505 2322 646 2356 Canisio
672 2333 817 2355 suasore
835 2321 985 2354 Romam
1003 2319 1155 2359 mittere,
1183 2318 1304 2352 eodem
1332 2318 1388 2351 die
1406 2317 1545 2360 Ignatio
1571 2315 1717 2360 scripsit
1737 2313 1938 2358 (Epistulae

178 2376 393 2410 Ferdinandi
419 2377 503 2409 sunt
528 2376 563 2409 in
591 2377 689 2409 Actis
716 2377 928 2408 Sam—torum
955 2372 1036 2407 Iulii
1063 2372 1130 2405 VH
1156 2371 1391 2415 [Antverpiae
1420 2369 1544 2413 1731],
1570 2369 1650 2404 497.
1686 2370 1722 2401 et
1748 2367 1782 2400 in
1811 2366 1937 2400 Cartas

181 2430 223 2463 de
251 2432 326 2462 San
353 2431 497 2472 Iynacio
524 2428 584 2469 IV,
611 2427 825 2469 530—531).
877 2427 933 2460 Ex
959 2425 1131 2470 epistulis,
1168 2424 1297 2467 quibus
1324 2423 1486 2466 Ignatius
1511 2424 1635 2466 postea
1661 2431 1782 2463 regem
1813 2422 1849 2453 et
1876 2418 1938 2452 Ca-

182 2483 310 2517 nisium
338 2482 379 2515 de
406 2481 472 2515 hoc
498 2481 641 2524 negotio
668 2480 812 2523 eiusque
839 2490 1032 2524 progressu
1058 2477 1220 2517 edocuit,
1247 2476 1470 2519 intellegitur
1495 2474 1768 2516 Ferdinandum,
1798 2474 1940 2517 praeter

181 2536 262 2571 alia.
288 2535 377 2569 haec
404 2535 568 2579 petiisse:
605 2537 643 2567 ut
670 2533 888 2566 monasteria
915 2531 1090 2575 quaedam
1117 2530 1259 2564 deserta
1286 2528 1345 2562 vel
1372 2528 1473 2572 quasi
1500 2528 1642 2561 deserta
1669 2527 1705 2560 in
1731 2537 1834 2559 usum
1861 2527 1939 2558 octo

184 2588 523 2622 valetuczlinariorum
549 2598 569 2620 a
605 2598 642 2620 se
678 2586 939 2620 condendorum
977 2585 1186 2618 convertere
1216 2584 1357 2627 posset;
1396 2584 1434 2615 ut
1459 2579 1721 2614 valetudinaria
1747 2579 1867 2622 aliqua
1895 2589 1939 2611 ex

182 2654 250 2675 uno
276 2641 352 2675 loco
378 2641 412 2674 iu
439 2640 592 2674 alterum
618 2639 815 2673 transferre
842 2639 982 2682 posset3
1018 2639 1058 2670 ut
1092 2635 1337 2678 indulgentiae
1364 2634 1539 2678 quaedam
1566 2631 1838 2666 valetudinariis
1869 2629 1939 2664 illis

181 2694 459 2728 concederentur
488 2693 632 2735 (Cartas
651 2693 692 2725 de
712 2694 788 2725 San
808 2693 952 2734 Iynace’o
972 2690 1032 2729 IV,
1050 2689 1257 2729 483-4s4;
1286 2687 1328 2728 V,
1347 2687 1563 2729 234—236).
1587 2704 1625 2710 —-
1647 2684 1792 2719 Litteris
1819 2685 1937 2717 autem

182 2747 393 2780 Ferdiuandi
415 2746 551 2779 Vienna
576 2746 608 2778 4.
628 2744 834 2779 Decembris
863 2744 953 2778 1554
980 2743 1022 2776 ad
1051 2742 1230 2785 Ignatium
1257 2741 1351 2774 datis
1371 2740 1418 2774 M.
1438 2739 1697 2781 Singkhinoser
1722 2735 1938 2771 secretarius

183 2801 303 2833 codcui
331 2800 386 2833 die
417 2798 711 2843 „postscriptum“
742 2797 878 2831 addidit
907 2796 1076 2834 (nondum
1103 2795 1137 2828 iu
1164 2794 1279 2828 lucem
1307 2792 1505 2835 emissum),
1532 2793 1654 2835 inquo
1673 2790 1776 2823 dicit:
1803 2789 1938 2830 Regem

183 2856 399 2885 testamento
417 2851 654 2885 Maximiliani
673 2851 700 2884 I.
724 2850 880 2884 caesaris
899 2850 942 2883 ad
961 2849 1050 2882 duas
1068 2847 1239 2882 ecclesias
1258 2845 1495 2880 exstruendas
1513 2843 1683 2887 obligari:
1710 2853 1814 2876 unam
1835 2839 1937 2874 Oeni—

187 2908 289 2948 pnutv
317 2905 349 2938 iu
378 2905 543 2938 honorem
563 2903 596 2938 S.
617 2903 781 2947 Leopoldi
809 2902 989 2942 austriaci,
1017 2901 1167 2935 alteram
1187 2899 1375 2933 Falcianae
1396 2898 1525 2941 (Wels,
1551 2896 1719 2930 Austriae
1746 2893 1938 2938 superioris

185 2958 379 3000 oppidum).
432 2958 467 2990 ld
495 2961 612 2991 autem
641 2956 786 2989 difficile
813 2967 854 2989 ac
880 2955 983 2998 quasi
1008 2963 1314 2998 supervacaneum
1341 2952 1437 2990 fore,
1476 2949 1686 2995 praesertim
1713 2958 1792 2980 cinu
1819 2945 1938 2979 Ferdi-

185 3010 322 3042 naindus
341 3010 536 3053 Uenipoute.
563 3009 761 3044 ecclesiam.
790 3008 991 3051 collegium,
1019 3005 1318 3040 valetudinarium
1337 3004 1591 3037 aedificaturus
1615 3001 1673 3034 sit.
1708 2999 1790 3032 Ideo
1817 3009 1936 3040 regem

185 3062 228 3094 ab
258 3062 393 3097 lunatio
421 3065 559 3105 potere,
596 3065 635 3095 ut
662 3062 693 3094 id
721 3061 874 3100 efficiat,
910 3063 950 3093 ut
975 3059 1139 3104 pontifex
1175 3058 1218 3091 ab
1254 3068 1295 3091 ea
1330 3054 1536 3090 testamenti
1562 3056 1663 3098 parte
1690 3063 1728 3085 sc
1755 3051 1937 3095 dispenset

189 3120 247 3149 (vx
276 3115 555 3146 *vniuuwntario
592 3114 646 3147 vel
684 3113 908 3158 apographo„
945 3112 1038 3155 quod
1074 3114 1129 3144 est
1155 3111 1313 3143 Viennae
1350 3109 1383 3142 iu
1419 3107 1565 3141 archivo
1600 3104 1702 3139 aulae
1737 3114 1938 3143 caesareae,

190 3165 427 3206 ,Ninum-onst.
456 3166 592 3198 Alai-u*
624 3167 711 3199 fas-c.
738 3167 790 3207 4).
