2113 3430
212 196 296 236 664
350 192 507 226 Monum.
529 191 673 236 (colon.)
703 193 734 227 9.
766 192 836 236 (31.
857 193 935 228 Oct.
958 194 1058 228 1543.
1089 195 1141 229 18.
1162 195 1242 230 Iulii
1263 196 1381 240 1544.)
1413 198 1466 233 10.
1495 198 1602 242 (Circ.
1627 200 1678 233 17.
1698 199 1782 234 Dec.
1804 199 1922 243 1544.)

211 309 453 354 pulcherrima
478 308 632 343 diuersis
659 321 704 344 cx
731 309 915 344 autoribus
942 309 1059 353 logice
1084 310 1122 344 in
1148 323 1259 346 vnum
1285 315 1474 356 corrogata
1500 314 1536 348 iu
1562 317 1722 350 veterem
1749 317 1863 350 artem
1890 315 1976 350 Are-

209 362 367 403 stotelis,
407 373 487 396 cum
523 363 627 396 textu
662 362 821 397 eiusdem
848 363 1045 398 secundum
1071 363 1169 398 viam
1195 364 1268 399 divi
1295 365 1451 400 doctoris
1477 366 1612 402 Thome
1639 369 1681 403 de
1707 369 1848 413 Aquino
1875 368 1977 403 iuxta

209 426 416 460 processum
442 415 698 458 magistrorum
725 415 868 450 Colonie
895 416 931 450 in
957 416 1065 451 bursa
1090 417 1225 452 Montis
1250 418 1484 462 regentiun1.“
1506 420 1516 440 1

329 468 381 502 Ac
400 467 566 502 Coloniae
592 469 757 512 singulae
784 469 914 504 bursae
941 481 1025 504 suos
1052 471 1215 516 proprios
1233 470 1344 506 libros
1362 471 1626 518 philosophicos
1644 474 1722 509 sive
1745 475 1972 520 „processus“

209 520 409 562 habebant;
436 533 470 555 v.
490 533 525 565 g.
557 521 778 564 „positiones
805 523 900 557 circa
926 523 1037 557 libros
1062 523 1282 568 phisicorum
1309 524 1351 559 de
1377 525 1497 559 anima
1516 526 1731 562 Arestotelis
1758 528 1859 563 iuxta
1886 528 1978 563 ordi-

208 574 347 608 narium
373 576 410 609 et
436 574 697 619 disputativum
723 587 932 621 processum
958 576 1213 620 magistrorum
1241 577 1385 613 Colonie
1411 579 1447 612 in
1473 578 1582 614 bursa
1608 581 1739 615 montis
1773 582 1976 625 regentium

209 627 253 661 ad
280 627 528 672 opponendum
555 630 590 662 et
612 629 898 673 respondendum
917 642 984 664 non
1005 631 1123 664 minus
1141 631 1260 665 Vtiles.
1281 643 1388 676 quam
1406 632 1630 667 necessari&
1655 633 1836 677 (Coloniae
1858 635 1976 678 1493).

210 680 375 715 Canisius
401 683 521 715 autem
548 684 645 716 certe
671 694 758 717 usus
785 684 840 717 est
871 683 1135 728 „processibus“
1167 684 1258 725 illis,
1297 697 1385 729 quos
1420 685 1586 729 magistri
1612 687 1791 731 gymnasii
1818 688 1977 722 montani

210 745 252 768 ac
278 735 468 779 praecipue
494 735 667 770 Matthias
693 735 857 771 Cremers
887 737 1055 781 aquensis
1082 748 1174 772 anno
1203 738 1293 773 1520
1320 737 1487 773 Coloniae
1512 738 1549 773 iu
1576 739 1712 775 duobus
1737 740 1978 776 voluminibus

210 787 346 821 formae
373 788 551 822 maximae
581 789 722 831 („folio“
754 789 900 833 vocant)
930 790 1118 825 ediderunt
1133 791 1155 825 ².

1069 903 1122 944 9.

746 989 793 1027 31.
821 990 989 1027 Octobris
1016 991 1111 1027 1543.
1163 991 1210 1027 18.
1237 990 1323 1028 Iulii
1348 991 1446 1028 1544.

332 1070 386 1103 Ex
406 1070 459 1112 iis,
486 1082 577 1115 quae
595 1072 635 1106 P.
655 1074 803 1107 Iacobus
820 1074 1014 1108 Kre'lzmdt
1033 1073 1066 1108 S.
1089 1075 1122 1109 J.
1154 1086 1236 1119 „pro
1255 1074 1413 1109 Historia
1433 1074 1619 1121 Gymnasij
1645 1078 1679 1110 et
1699 1075 1868 1122 Collegij“
1891 1076 1925 1112 S.
1946 1078 1978 1112 J.

211 1123 424 1158 coloniensis
443 1135 509 1158 sua
527 1137 634 1159 manu
662 1127 843 1172 excerpsit
865 1139 929 1169 „ex
947 1127 1036 1161 libro
1055 1127 1254 1162 Facultatis
1273 1128 1510 1172 Theologicac
1529 1129 1733 1171 Decanali“,
1758 1132 1871 1172 „tomo
1893 1131 1954 1165 10*ι
1971 1144 1978 1171 ;

211 1187 303 1220 quae
329 1188 422 1211 nuno
448 1180 532 1211 sunt
558 1178 593 1212 in
617 1179 692 1213 cod.
716 1180 830 1221 „Hist
850 1192 970 1225 gymn.
990 1182 1034 1215 tr.
1055 1182 1146 1215 corf
1176 1181 1211 1215 in
1239 1181 1319 1223 fine,
1346 1181 1405 1216 fol.
1432 1182 1536 1216 unico
1555 1183 1713 1217 numeris
1738 1195 1807 1217 non
1824 1183 1978 1227 signato.

332 1230 465 1265 Eadem
502 1234 649 1266 exstant
683 1233 792 1267 etiam
827 1233 862 1267 in
898 1234 1019 1268 codice
1052 1234 1290 1269 bibliothecae
1324 1234 1516 1270 nationalis
1550 1236 1759 1281 parisiensis
1798 1236 1884 1279 „Ms.
1916 1236 1979 1271 lat.

212 1282 304 1317 2165
331 1283 394 1317 des
415 1296 522 1318 nouv.
546 1285 716 1330 acquis.“,
744 1286 804 1330 qui
823 1287 847 1321 f.
870 1288 928 1321 1—
942 1287 983 1322 10
1009 1288 1167 1322 continet
1192 1288 1437 1333 apographum
1463 1289 1522 1323 vel
1547 1290 1781 1324 summarium
1810 1289 1979 1333 (saeculo,

212 1338 252 1370 ut
277 1336 433 1380 videtur,
460 1338 589 1382 XVII.)
625 1339 718 1373 haud
744 1340 795 1374 ita
821 1340 1013 1384 diligenter
1047 1341 1183 1375 factum
1219 1344 1381 1376 actorum
1415 1342 1599 1377 facultatis
1629 1342 1853 1387 theologicae
1888 1343 1979 1377 colo-

212 1388 347 1424 niensis
373 1401 404 1424 a.
435 1391 678 1427 1394—1619.

331 1442 530 1478 Dolendum
548 1445 654 1480 valde
673 1448 728 1480 est
751 1445 829 1491 ipsa
847 1448 929 1481 acta
946 1446 1132 1482 facultatis
1157 1447 1381 1492 theologicae
1400 1448 1622 1491 coloniensis,
1645 1461 1736 1494 quae
1754 1449 1820 1484 hoc
1840 1451 1980 1495 tempus

212 1497 388 1541 spectant,
416 1498 549 1532 amissa
575 1510 664 1533 esse.

335 1580 448 1618 1543.
505 1580 583 1619 Sub
621 1582 783 1620 Decano
825 1582 910 1620 141.
941 1582 1122 1620 Johanne
1157 1582 1330 1632 Stempel
1368 1584 1519 1634 Tylano
1560 1584 1718 1622 Ordinis
1756 1585 1832 1623 FF.
1863 1585 1978 1622 Prae-

214 1637 374 1677 dicator.
405 1639 512 1677 Jtem
540 1640 580 1677 in
609 1640 754 1689 Vigilia
784 1641 953 1679 omnium
983 1641 1078 1680 SS.³
1116 1642 1253 1680 habuit
1282 1643 1497 1681 orationem
1526 1643 1712 1681 latinam²
1747 1644 1795 1682 ad
1825 1643 1978 1682 clerum

214 1696 255 1735 in
285 1698 430 1736 scholis
460 1699 745 1748 Theologorum
775 1701 827 1739 M.
856 1701 997 1738 Petrus
1028 1700 1209 1739 Oanisius
1239 1715 1262 1739 a
1290 1701 1531 1752 Nouiomago
1545 1706 1570 1741 4.

337 1776 450 1813 1544.
507 1774 585 1813 Sub
624 1776 759 1813 eodem
789 1808 796 1814 .
828 1808 835 1815 .
867 1808 874 1815 .
908 1777 954 1814 18
991 1776 1079 1826 Iulij
1118 1777 1321 1827 respondit
1357 1779 1408 1816 M.
1444 1778 1586 1816 Petrus
1624 1778 1804 1817 Canisius
1842 1778 1980 1817 Nouio·

215 1834 414 1882 magensis
446 1834 530 1872 ΛΑ.
559 1835 634 1873 LL.
655 1836 847 1884 Magister
877 1836 922 1873 de
953 1836 1064 1874 domo
1095 1850 1164 1874 seu
1194 1837 1320 1875 Bursa
1349 1837 1505 1883 montis,
1537 1839 1646 1875 cuius
1676 1835 1866 1875 materiab
1896 1841 1980 1875 erat

217 1892 264 1930 dc
303 1893 542 1931 authoritate
571 1894 773 1932 Ecclesiae
807 1895 1028 1941 Romanae,
1069 1899 1108 1934 et
1147 1896 1230 1934 eius
1269 1896 1380 1934 Sedis
1416 1897 1621 1947 Episcopi,
1659 1897 1699 1935 id
1738 1902 1798 1935 est
1837 1897 1982 1935 Summi

215 1951 457 1990 Pontificis³.

1057 2026 1139 2068 10.

808 2115 965 2152 Circiter
990 2115 1035 2152 17.
1062 2116 1270 2153 Decembris
1298 2117 1393 2154 1544.

335 2196 390 2230 Ex
417 2197 491 2231 cod.
520 2197 632 2231 colon.
663 2198 758 2240 „Lib.
787 2199 854 2233 fac.
882 2200 959 2234 Art.
987 2201 1156 2244 quartus“
1188 2200 1211 2234 f.
1240 2201 1320 2235 232.

335 2278 400 2325 [A.
424 2280 542 2327 1544]
585 2280 877 2326 Quodlibeticae
908 2281 1194 2331 disputationes
1223 2283 1431 2321 inchoatae
1461 2286 1552 2320 sunt
1574 2283 1621 2319 15
1643 2282 1703 2320 die
1725 2282 1981 2320 Decembris⁶

217 2339 255 2374 et
284 2337 417 2375 finitae
446 2338 485 2375 in
515 2338 650 2387 vigilia
680 2339 851 2378 Thomae
881 2341 1050 2390 apostoli
1065 2344 1089 2387 ⁷,
1129 2345 1168 2379 et
1207 2341 1509 2380 declamatorum
1538 2341 1694 2379 nomina
1733 2341 1773 2378 in
1803 2341 1979 2390 sequenti

216 2396 318 2433 facie
349 2397 496 2447 scripta
524 2398 696 2436 videbis:

336 2530 348 2543 ³
371 2524 490 2559 Pridie
517 2524 684 2561 Omnium
712 2526 923 2562 Sanctorum
949 2529 1060 2563 latine
1086 2529 1268 2574 peroravit
1294 2530 1366 2563 cod.
1388 2541 1473 2573 par.
1619 2529 1633 2548 ¹¹
1655 2529 1775 2564 thema
1802 2530 1874 2563 cod.
1894 2541 1981 2573 par.

340 2648 349 2667 ¹
377 2648 421 2681 Κ.
449 2649 574 2691 Krafft
600 2649 668 2682 und
701 2651 747 2683 11⁷.
776 2651 920 2694 Krnfft,
956 2649 1076 2684 Briefe
1112 2650 1183 2684 und
1210 2649 1430 2684 Documento
1465 2661 1529 2684 aus
1565 2650 1627 2684 der
1653 2649 1728 2684 Zeit
1763 2650 1825 2684 der
1860 2649 1983 2683 Refor-

220 2701 353 2735 mation
381 2701 427 2734 im
458 2701 510 2735 16.
538 2701 784 2737 Jahrhundert
813 2703 1011 2745 (Elberfeld
1041 2703 1145 2747 1876)
1175 2715 1208 2748 p.
1239 2703 1315 2737 179.
1460 2702 1472 2723 ²
1498 2702 1536 2737 L.
1564 2714 1593 2737 c.
1620 2715 1653 2748 p.
1684 2701 1781 2737 187³.
1811 2703 1887 2737 191.

339 2754 351 2774 ³
379 2754 443 2787 Die
471 2754 526 2788 31.
555 2754 722 2789 Octobris
751 2756 852 2789 1543.

339 2808 350 2827 ⁴
378 2806 522 2841 Statuta
557 2807 742 2843 facultatis
768 2808 990 2852 theologicae
1017 2809 1229 2844 coloniensis
1267 2809 1379 2853 (facta
1405 2820 1496 2843 anno
1526 2808 1631 2852 1398)
1669 2809 1762 2842 inter
1788 2808 1858 2843 alia
1883 2819 1981 2853 prae-

221 2859 418 2904 cipiebant,
456 2862 495 2893 ut
522 2861 565 2894 ad
592 2861 726 2905 gradus
761 2862 984 2896 academicos
1011 2862 1241 2907 promovendi
1281 2873 1408 2904 „unum
1435 2873 1633 2896 sermonem
1668 2873 1730 2896 seu
1758 2861 1982 2896 collationem

221 2912 276 2945 vol
296 2912 435 2956 plures‘
467 2913 628 2947 facerent
658 2914 721 2955 „ad
741 2914 875 2949 clerum
902 2915 1151 2950 universitatis
1170 2915 1390 2950 Coloniensis
1409 2927 1471 2960 pro
1490 2915 1660 2949 exercitio
1687 2913 1980 2949 sermocinandi‘.

224 2964 365 2998 Statum
394 2965 455 2999 illa
482 2967 580 3011 ponit
607 2969 742 3001 anco
768 2967 790 3002 1.
818 2980 847 3002 c.
876 2968 900 3009 I,
928 2968 1008 3002 Anl.
1035 2980 1067 3013 p.
1095 2969 1245 3003 34—50.

341 3019 352 3035 ⁵
383 3018 623 3063 „Disputatio‘
655 3020 690 3054 in
716 3020 891 3055 auditorio
910 3021 1111 3064 theologico
1129 3021 1378 3055 universitatis
1397 3032 1514 3055 coram
1533 3019 1717 3064 magistris
1743 3021 1779 3054 et
1796 3018 1982 3063 discipulis

222 3068 436 3110 habebatur,
473 3072 603 3116 inqua
631 3073 794 3107 Canisius
833 3075 1083 3117 „argu1nenta“
1121 3074 1304 3116 solvebat,
1341 3085 1432 3118 quae
1468 3076 1591 3108 contra
1625 3073 1745 3107 theses
1781 3072 1982 3116 propositas

228 3121 521 3161 „o})iciobantur⁴.

342 3175 354 3193 ⁶
381 3174 463 3209 Dies
493 3178 544 3210 14.
572 3177 778 3212 Decembris·
805 3191 845 3213 eo
871 3190 962 3214 anno
993 3180 1168 3214 dominica
1195 3182 1281 3214 erat.
1380 3180 1392 3200 '⁶
1419 3179 1483 3213 Die
1510 3178 1565 3213 20.
1592 3177 1799 3212 Decembris
1832 3178 1932 3213 1544.
