2113 3430
152 194 176 235 (3
366 189 460 223 VIII.
498 187 631 222 Canisii
657 184 953 230 autobiographia
978 184 1056 219 sive
1083 183 1333 218 Confessiones
1359 186 1395 218 et
1420 184 1700 218 Testamentum.

151 306 283 342 Christi
323 306 391 348 (ed.
419 305 459 346 6,
495 303 661 347 Dilingae
688 302 795 346 1627)
834 314 866 347 p.
895 300 1093 336 343—348.
1146 301 1237 334 Petr.
1264 301 1420 345 Python,
1456 300 1542 335 Vita
1578 299 1711 335 Canisii
1748 312 1782 345 p.
1809 300 1912 334 6—7.

154 360 300 394 12—14.
330 359 383 393 78.
411 357 608 392 257—260.
636 356 715 391 343.
740 355 938 390 363—364.
973 355 1075 388 Flor.
1094 354 1195 387 Riess
1212 365 1245 398 p.
1265 353 1297 387 6.
1317 353 1348 387 8.
1370 353 1423 388 12.
1459 355 1487 387 I.
1507 355 1670 394 Janssen,
1699 352 1913 388 Geschichte

153 414 215 448 des
242 411 438 446 deutschen
464 410 600 444 Volkes
626 409 688 451 IV,
715 409 795 444 391.
846 409 949 442 Paul.
976 408 1110 447 Dreecs,
1137 405 1268 440 Petrus
1295 405 1460 441 Canisius
1488 406 1610 450 (Halle
1639 406 1744 450 1892)
1772 418 1805 451 p.
1835 406 1913 440 139.

152 466 361 511 Complures
387 465 496 498 etiam
522 462 724 497 huiusmodi
750 463 873 507 partes
898 461 1029 505 gallice
1055 459 1215 494 redditas
1251 459 1422 493 exhibent
1447 460 1476 494 I.
1503 460 1668 504 Doriyny
1702 460 1739 494 in
1775 458 1914 503 biogra-

152 518 233 563 phia
262 517 394 552 Canisii
433 516 494 559 (cf.
529 527 638 561 supra
673 527 706 560 p.
735 514 774 556 3,
810 516 882 548 not.
913 514 946 557 1)
985 516 1021 548 et
1055 514 1144 557 E'uy.
1174 513 1306 556 Sesquin
1333 510 1365 546 S.
1393 512 1446 554 J.‚
1481 512 1548 547 Vie
1583 513 1629 547 du
1665 512 1915 546 Bienheureux

152 570 274 605 Pierre
302 569 466 604 Canisius
496 568 614 613 (Paris
643 567 748 610 1864)
778 579 810 612 p.
837 566 987 607 21—22‚
1014 565 1195 609 integrum
1221 565 1352 599 librum
1378 563 1414 598 in
1439 564 1588 599 eandem
1613 565 1772 608 linguam
1799 568 1914 600 trans-

152 624 265 658 latum
292 624 329 657 V.
357 624 436 656 Alet
463 621 497 656 S.
526 622 570 663 J.‚
597 621 645 655 Le
671 620 923 654 Bienheureux
952 619 1116 654 Canisius
1145 617 1264 662 (Paris
1294 617 1399 661 1865)
1428 629 1461 663 p.
1489 618 1686 653 225—273.

271 710 325 745 1.¹
367 710 532 744 Canisius
554 711 695 752 yratias
721 710 793 752 ayit
816 718 885 751 pro
912 712 993 741 ortu
1026 718 1090 741 suo
1126 711 1156 740 et
1182 707 1390 750 baptismate
1415 710 1562 749 accepto.
1614 706 1792 739 Familiae
1818 707 1916 738 cani-

151 767 276 798 sianae
303 766 339 797 in
365 764 433 806 fide
458 763 628 796 catholica
657 763 866 796 constantia.
913 761 1027 802 Quam
1053 765 1164 793 mater
1191 759 1403 792 moribunda
1430 759 1625 800 confirmat.
1665 759 1772 792 Pater
1798 759 1917 791 multis

155 819 300 861 neyotiis
327 817 570 860 periculisque
606 816 817 859 implicatus.
873 814 1056 847 canisium
1081 813 1121 846 P.
1148 813 1275 845 Petrus
1309 812 1428 845 Faber
1466 812 1727 845 Germanorum
1754 813 1917 855 primuni

153 872 228 905 Deo
255 874 435 914 reyenerat
462 870 509 902 acl
537 871 642 902 citam
669 869 871 912 reliyiosam
897 868 935 900 in
964 867 1135 900 Societate
1161 866 1239 899 Iesu
1266 865 1448 908 aqendam.

273 934 316 969 ΙΙ.
346 936 491 968 Peccata
515 935 654 977 primae
673 933 856 976 pueritiae
865 944 879 974 ,·
915 931 1022 964 libido
1060 931 1275 973 incliynancli
1309 935 1339 963 et
1371 930 1599 973 superbiendi
1608 941 1622 971 ‚·
1658 931 1792 963 monita
1827 929 1917 963 bona

155 991 292 1022 reiecta.
347 988 531 1029 Canisius,
558 986 767 1028 Noviontaqi
793 990 822 1018 et
852 984 1018 1018 Coloniae
1043 995 1065 1016 a
1092 984 1166 1017 Deo
1193 984 1317 1017 mundi
1336 983 1503 1027 pericula
1529 983 1676 1026 speciali
1701 983 1839 1016 edoctus
1865 983 1917 1015 lu-

156 1043 258 1085 mine,
285 1046 415 1075 certain
441 1041 529 1073 citae
545 1040 756 1081 salutiferae
771 1049 880 1082 (senus
899 1038 942 1071 ab
961 1038 1076 1071 eodem
1094 1038 1202 1070 anxie
1215 1038 1313 1080 petit.
1349 1036 1472 1070 Sacris
1492 1036 1705 1079 z'nzaye'nibus
1722 1035 1919 1079 ritibusque

157 1096 358 1128 delectatur.

275 1158 336 1192 ΠΙ.
365 1159 408 1191 In
431 1158 674 1202 praeceptoris
700 1157 841 1190 domum
869 1156 1066 1188 translatus
1093 1155 1187 1187 nesala
1215 1155 1317 1187 discit
1337 1165 1359 1186 a
1375 1153 1566 1187 sodalibus.
1605 1153 1776 1194 Queritur
1801 1153 1918 1185 adule-

156 1217 284 1245 scentes
309 1213 366 1245 sui
391 1212 558 1254 temporis
584 1211 631 1243 acl
659 1211 744 1242 citia
768 1211 920 1242 institui.
955 1208 1122 1242 Pericula
1142 1208 1341 1251 pudicitiae
1367 1208 1599 1240 imminentia.
1647 1206 1725 1249 Ipse
1751 1206 1824 1239 Deo
1849 1207 1921 1238 vir-

155 1267 339 1307 gsinitateni
363 1276 466 1298 suain
493 1269 566 1297 coto
593 1267 772 1296 consecrat
782 1275 796 1304 ‚·
829 1272 995 1305 sponsam
1030 1261 1202 1303 oblatam,
1238 1261 1487 1293 canonicatum
1515 1261 1740 1303 propositum
1773 1259 1918 1302 spernit.

157 1318 241 1360 Eos,
267 1319 329 1361 qui
356 1322 483 1361 neyant
507 1328 542 1350 se
568 1317 774 1350 caelibatum
803 1327 825 1347 a»
849 1326 884 1348 se
908 1319 1102 1358 susceptam
1127 1315 1224 1356 ferre
1243 1324 1356 1357 posse,
1383 1313 1618 1356 reprehendit.

278 1382 338 1416 IV.
379 1382 628 1415 Adulescentia
666 1386 745 1414 acta
787 1380 962 1414 Coloniae.
1014 1379 1216 1422 ,Uagsisterii
1254 1379 1378 1411 laurea
1390 1390 1403 1420 ,·
1439 1379 1536 1411 sacri
1575 1378 1727 1411 ordines.
1779 1376 1922 1409 Nicolai

157 1436 281 1469 Eschii
307 1437 440 1478 optima
465 1435 680 1478 disciplina:
705 1435 855 1467 victoria
879 1435 961 1475 sui‚·
985 1434 1080 1466 ratio
1107 1433 1337 1465 conscientiae
1363 1431 1488 1465 cotidie
1514 1431 1652 1464 reddita
1663 1442 1677 1472 ‚·
1703 1430 1802 1462 lectio
1820 1439 1921 1462 eran·

155 1490 240 1532 yelii
258 1490 476 1532 piorumque
501 1488 686 1522 librorum.
726 1487 841 1520 Deum
870 1486 1038 1520 Canisius
1063 1486 1264 1526 obtestatur,
1292 1489 1328 1517 ut
1354 1484 1632 1517 adulescentibus
1658 1484 1792 1516 cunctis
1817 1482 1922 1516 bonos

154 1544 302 1586 piosque
321 1546 568 1585 praeceptores
593 1541 706 1574 donet.
742 1541 820 1583 Ipse
847 1539 1105 1573 nonnullarum
1131 1540 1235 1571 etiam
1260 1549 1450 1571 sacrarum
1476 1539 1655 1580 riryinuni
1682 1536 1793 1569 verbis
1811 1546 1922 1568 exem-

157 1596 296 1639 plisque
323 1597 361 1628 in
380 1597 512 1638 pietate
531 1595 687 1638 proficit.

277 1658 321 1693 V.
349 1660 477 1693 Studia
498 1660 600 1692 iuris.
636 1660 750 1692 Amor
767 1657 958 1699 tleeoloqiae
976 1657 1151 1699 mysticae.
1191 1655 1352 1688 Cilicium
1364 1667 1377 1697 ;
1399 1656 1500 1697 stipis
1518 1655 1687 1697 laryitio,·
1711 1653 1922 1686 abstinentia

162 1714 282 1747 ‹liebus
314 1712 588 1746 bacchanalibus
614 1716 705 1744 acta.
741 1711 906 1744 Attamen
936 1720 958 1742 a
988 1714 1140 1742 ‘veterum
1168 1719 1287 1742 severa
1317 1708 1509 1750 disciplina
1538 1708 1685 1740 inultzan
1713 1706 1826 1739 abesse
1853 1706 1922 1739 sibi

165 1767 325 1809 ridetur;
359 1777 465 1810 quain
501 1775 570 1798 non
604 1775 790 1808 spernere,
819 1763 879 1797 sed
912 1763 1033 1796 saltem
1068 1763 1249 1795 (almirari
1284 1765 1427 1805 oportet.
1482 1760 1569 1794 Cum
1602 1760 1723 1793 iisdem
1751 1759 1919 1792 celeribus

167 1821 300 1853 sanctis
324 1830 389 1852 sua
416 1823 446 1852 et
471 1819 628 1852 aliorum
647 1822 794 1860 peccata
820 1816 1008 1859 deplorare
1034 1817 1141 1858 cupit.

284 1883 344 1917 VI.
374 1884 521 1917 Sanctos
538 1883 675 1926 quidem
697 1882 835 1925 ali'quos
854 1882 964 1914 virtus
981 1891 1046 1927 saa
1066 1879 1307 1913 commendare
1320 1883 1472 1922 poterat.
1500 1879 1578 1921 Ipse
1594 1889 1728 1921 semper
1745 1879 1922 1920 ineratus,

158 1939 273 1981 piyer,
300 1948 444 1978 caec1‹s;
479 1937 538 1969 sed
565 1937 602 1968 in
628 1936 751 1968 divina
777 1934 1023 1967 misericordia
1048 1944 1142 1976 spentv
1161 1934 1266 1975 ponit
1292 1937 1321 1965 et
1349 1933 1485 1965 veniamv
1511 1932 1695 1974 efflaffltat,
1724 1932 1760 1964 in
1788 1931 1924 1963 meritis

166 1991 300 2024 Christi
330 1991 477 2023 innioeus
503 1994 532 2021 et
557 1990 729 2022 iustorum
755 1989 859 2021 etiam
886 1987 1050 2030 operibus
1077 1988 1113 2019 in
1143 1986 1283 2019 Christo
1307 1985 1415 2028 factis
1440 1985 1625 2027 confidens.

282 2053 360 2087 VII.
397 2055 565 2087 Anconae
591 2063 686 2085 anno
716 2054 805 2085 1568
830 2051 1010 2094 sinyulari
1035 2051 1167 2083 lumine
1192 2051 1312 2083 divino
1340 2051 1377 2083 in
1404 2051 1500 2083 omni
1526 2051 1662 2082 actione
1697 2057 1828 2081 memor
1860 2058 1929 2080 esse

166 2108 311 2141 vilitatis
336 2117 421 2140 suae
447 2107 655 2149 divinaeque
681 2105 898 2138 celsitudinis
924 2105 1103 2137 constituit
1129 2114 1189 2136 nec
1215 2103 1381 2136 laudibus
1405 2104 1480 2136 suis
1503 2102 1680 2135 delectari.

752 2224 859 2261 Liber
888 2223 1026 2271 primus
1055 2222 1338 2260 Confessionum.

286 2317 403 2360 Non
443 2315 669 2366 moriar,
712 2315 804 2357 sed
844 2315 1046 2365 uiuam,
1089 2317 1142 2357 et
1183 2313 1420 2356 narrabo
1463 2325 1629 2367 opera
1661 2310 1926 2352 Domini2:

166 2381 543 2424 Exercitabor
575 2383 628 2423 et,
659 2380 896 2434 scopabo
930 2379 1190 2433 spiritum
1223 2378 1442 2420 meum3:
1478 2377 1511 2419 O
1536 2375 1761 2419 Domine
1793 2375 1928 2416 bene

167 2446 545 2501 prosperare4.
609 2445 832 2495 Venite,
876 2444 1087 2494 audite,
1131 2446 1184 2486 et
1224 2442 1485 2493 narrabo,
1530 2454 1711 2484 omnes
1744 2439 1833 2493 qui
1864 2439 1928 2481 ti-

169 2511 330 2553 metis
371 2511 558 2561 Deum,
602 2512 808 2563 quanta
849 2508 989 2551 fecit
1030 2508 1243 2550 animae
1284 2507 1473 2549 meae5.

1019 2635 1093 2690 [L]

288 2738 439 2779 Annus
485 2739 579 2779 erat
620 2751 645 2779 a
682 2736 915 2779 natiuitate
947 2738 1023 2778 tua
1055 2733 1194 2776 JEsU
1228 2732 1471 2775 CHRISTE
1505 2731 1709 2774 Conditor
1741 2732 1785 2772 et
1815 2729 1930 2770 Red-

171 2805 339 2857 emptor
370 2815 489 2843 meus
520 2800 848 2855 benignissime,
887 2814 1018 2854 supra
1048 2797 1465 2851 sesquimillesimum
1499 2796 1727 2839 vicesimus
1754 2793 1929 2848 primus,

172 2881 254 2920 quo
287 2880 354 2908 me
386 2866 503 2908 irae
535 2866 662 2907 filiu
675 2865 745 2907 1116
777 2867 821 2907 et
853 2863 1072 2919 peccati
1114 2877 1277 2905 seruu
1290 2863 1359 2904 1n⁷
1391 2862 1434 2903 in
1469 2861 1579 2903 hanc
1610 2858 1755 2902 mundi
1792 2859 1930 2900 lucem

295 3009 303 3029 ¹
331 3007 551 3042 Divisionem
577 3007 669 3041 hanc
694 3007 779 3042 Alet
804 3007 901 3042 fecit.
936 3006 1034 3049 Quae
1060 3006 1118 3041 hic
1143 3005 1329 3046 retinetur,
1356 3004 1440 3050 quia
1466 3004 1557 3038 bona
1581 3005 1645 3043 est,
1673 3004 1708 3036 et
1726 3001 1809 3046 quia
1829 3000 1932 3035 aliter

174 3061 366 3096 dividendo
391 3072 450 3095 res
476 3060 784 3106 perturbarentur.

293 3114 306 3134 ²
331 3113 389 3148 Ps.
421 3114 497 3154 117,
525 3114 556 3148 7.
702 3113 714 3133 ³
741 3113 799 3147 ΡΒ.
827 3113 882 3154 76,
910 3114 929 3147 7
959 3112 1201 3151 (exercitabar
1228 3114 1263 3146 et
1288 3110 1477 3156 scopebam
1504 3108 1601 3151 etc.).

294 3168 305 3187 ⁴
334 3166 390 3200 ΡΒ.
421 3167 497 3207 117,
524 3166 579 3200 25.
726 3166 738 3185 ⁵
764 3165 822 3199 Ps.
850 3166 904 3206 65,
934 3165 987 3199 16.
1134 3165 1146 3185 ⁰
1174 3164 1261 3209 Eph.
1289 3164 1320 3204 2,
1348 3163 1378 3197 3.
1525 3161 1537 3181 ⁷
1564 3160 1663 3195 Rom.
1691 3160 1722 3202 6,
1749 3159 1804 3194 20.
