2113 3430
226 185 308 226 190
419 183 473 216 31.
511 181 544 215 S.
575 181 734 225 lgnatius
760 181 943 215 Leonardo
969 181 1096 216 Kessel
1123 184 1159 216 et
1184 182 1291 216 Petro
1318 182 1470 217 Canisio.
1506 184 1537 218 6.
1564 184 1655 218 Iunii
1685 184 1785 219 1546.

222 299 460 341 istimemus
495 297 769 353 {proficerel'
800 299 1012 353 possimus
1048 297 1367 352 [conced]ere¹',
1403 303 1447 342 et
1480 298 1688 354 [darelq.
1745 301 1805 343 Ut
1837 304 1982 344 autem

222 364 369 406 sciatis
403 362 572 418 [quaml
606 364 694 406 late
726 366 907 418 pateant
938 364 1038 405 illae
1070 363 1240 417 gratiae
1272 363 1314 405 id
1347 364 1652 417 subiungemus
1684 366 1885 408 breuiter.

340 429 420 471 Est
451 429 638 472 facultas
670 428 879 471 recitandi
911 428 1040 470 horas
1063 428 1299 470 Canonicas
1332 429 1564 471 secundum
1599 444 1720 471 Vsum
1754 431 1853 473 noui
1885 432 1982 472 bre-

222 493 385 547 uiarij2.
440 494 520 537 Est
552 496 780 548 praeterea
812 493 987 535 licentia
1019 493 1297 547 praedicandi
1329 494 1507 535 verbum
1540 494 1620 545 dei,
1653 495 1810 548 vbique
1824 498 1852 546 3,
1888 497 1981 537 11111-

221 558 301 600 lius
334 573 464 613 super
494 559 573 600 hoc
606 559 781 601 licentia
813 558 1033 611 requisita.
1102 559 1165 600 lta
1198 561 1246 600 vt
1278 558 1497 611 gaudeant
1529 559 1779 614 priuilegijs,
1812 561 1978 614 gratijs,

222 624 523 673 facultatibus,
566 624 765 673 indultis,
811 623 1156 665 concessionibus
1196 623 1347 676 quibus
1388 623 1710 678 praedicatores
1750 625 1871 667 verbi
1913 626 1979 667 dei

220 689 412 741 gaudent
453 689 505 731 de
547 689 637 731 iure
670 689 738 730 vel
771 689 823 730 de
856 688 1164 731 consuetudine
1178 690 1206 731 4.
1273 724 1520 731 ..........
1535 686 1547 706 ‘¹
1579 692 1624 731 et
1655 690 1905 732 absoluendi
1938 691 1979 732 in

221 754 313 795 foro
337 754 624 797 conscientiae
648 768 673 796 a
696 753 866 796 casibus
898 753 1146 803 res-eruatis,
1181 756 1223 795 et
1258 753 1423 807 clomm
1438 752 1604 807 lutandi
1630 757 1735 797 vota
1756 759 1980 798 reseruata

219 819 310 861 sedi
336 819 634 873 Apostolicae:
670 819 864 873 exceptis
896 818 1131 860 reseruatis
1163 818 1205 859 in
1239 819 1356 860 bulla
1388 832 1548 860 coenae
1579 819 1791 870 Dominis),
1826 825 1869 863 et
1901 821 1979 862 mi-

218 884 430 926 nistrandi
463 887 782 927 sacramentum
814 883 1128 932 Eucharistiae,
1169 886 1212 926 et
1245 883 1330 925 alia
1362 887 1648 934 sacramenta,
1682 883 1819 939 sitne]
1853 900 1979 939 prae-

218 949 372 991 iudicio
407 948 721 1003 [culiusquann
755 949 912 990 nullius
946 948 1078 991 etiam
1110 948 1286 991 licentia
1317 949 1538 1002 requisita.
1591 950 1649 992 Et
1681 949 1717 990 si
1749 950 1980 1004 contigerit

218 1028 312 1056 esse
346 1017 577 1068 occupatos
612 1013 754 1069 [ante]
798 1014 1019 1056 meridiem
1052 1014 1122 1055 vel
1162 1013 1205 1055 in
1247 1014 1469 1056 audiendis
1502 1014 1861 1065 confessionibus,
1904 1020 1979 1058 aut

219 1079 259 1120 in
293 1078 594 1134 [procurandis
626 1078 826 1133 infirmis]
839 1083 864 1129 Θ,
899 1079 969 1121 Vel
1000 1078 1197 1133 ius[tis]¹'
1226 1079 1322 1133 alijs
1353 1078 1780 1133 {fliii'ipelclinien[tis],
1813 1081 1979 1134 possint

219 1148 317 1199 post
351 1143 591 1199 [meridiem
615 1143 726 1199 cele]
737 1145 889 1187 brareg
923 1143 1155 1198 [missam]
1181 1147 1224 1187 et
1247 1143 1571 1199 [mlinistrlare
1594 1143 1938 1198 Elucharistiam
1949 1147 1976 1188 6.

334 1286 347 1299 ³
370 1283 553 1325 praestare
580 1293 636 1323 ap.
665 1282 751 1317 1-0l..·
778 1281 875 1314 lectio
901 1281 1020 1313 «lubia.
1167 1279 1180 1297 ¹'
1205 1281 1260 1313 Ita
1287 1291 1344 1323 ap.
1372 1281 1433 1313 eol.

334 1339 344 1351 ⁶
371 1333 533 1367 decidere
559 1346 616 1377 ap.
645 1335 730 1373 col.,·
757 1335 853 1367 lec-lio
880 1334 999 1367 dubia.

333 1385 346 1405 ‘¹
372 1389 411 1420 In
441 1388 630 1431 archetypo
654 1389 815 1431 seqnitur
840 1398 978 1428 sersus,
1012 1388 1074 1430 qni
1101 1387 1198 1419 nulla
1228 1398 1322 1419 1111110
1348 1389 1486 1420 ratione
1512 1388 1578 1429 leyi
1597 1392 1728 1430 potest,
1766 1398 1842 1419 enm
1863 1389 1976 1429 [11111017

214 1444 350 1473 tansum
379 1441 582 1473 {merso-mn
607 1442 723 1483 apices
751 1442 786 1473 in
823 1451 859 1473 νο
897 1445 1106 1483 appareant.
1159 1443 1273 1483 Atque
1308 1442 1411 1473 etiam
1447 1441 1621 1473 librat-ius
1657 1441 1865 1474 coloniensis
1899 1452 1976 1473 eccm

216 1495 352 1527 mnittit.
497 1498 509 1511 ⁹
533 1496 596 1527 aut
621 1493 656 1527 in
682 1493 849 1538 operibus
877 1513 919 1517 —
948 1505 1004 1536 ap.
1032 1494 1094 1527 eol.
1241 1492 1251 1511 s
1276 1492 1463 1537 quibusuis
1490 1505 1547 1536 ap.
1575 1495 1637 1527 col.

333 1552 346 1570 ‘⁴
369 1558 579 1581 consecrare
606 1559 662 1590 ap„
690 1548 752 1580 col.

338 1683 344 1701 ¹
372 1680 423 1715 De
450 1681 684 1715 facultatibus
712 1681 783 1715 illis
811 1683 846 1715 S.
872 1683 1034 1725 Iymrtins
1060 1681 1112 1715 sic
1138 1681 1263 1715 scribit
1288 1681 1332 1715 ad
1359 1681 1479 1715 Socios
1505 1682 1750 1716 lovanienses:
1782 1681 1889 1723 „Cum
1917 1681 1974 1715 hic

214 1734 405 1768 thesaurus
432 1734 630 1777 gratiarum
656 1735 743 1768 mihi
770 1746 789 1768 a
816 1746 953 1769 summo
988 1734 1156 1779 pontifice
1190 1734 1238 1768 sit
1273 1735 1484 1769 commissus
1518 1735 1552 1769 111
1588 1735 1869 1769 aedificationem
1906 1746 1972 1768 non

214 1787 248 1821 in
275 1788 566 1829 destructionem,
593 1790 634 1822 ut
659 1788 746 1833 ipse,
774 1790 879 1833 prout
905 1790 1028 1833 aptum
1055 1799 1233 1832 quemque
1259 1788 1301 1822 de
1320 1788 1451 1822 nostris
1470 1788 1676 1830 inuenerim,
1704 1791 1739 1822 et
1757 1791 1862 1833 prout
1880 1787 1972 1831 quis—

213 1853 281 1884 (1110
308 1853 396 1886 opus
422 1841 588 1882 haberet,
625 1842 888 1886 dispensarem,
924 1841 1065 1875 omnino
1099 1841 1317 1886 pedetentim
1345 1844 1380 1875 et
1406 1842 1588 1876 moderate
1614 1853 1654 1875 eo
1681 1842 1733 1875 uti
1769 1841 1897 1881 debeo,
1934 1844 1974 1874 ut

213 1894 497 1939 dispensatorem
523 1906 579 1928 me
606 1907 674 1928 non
701 1895 951 1939 dissipatorem
977 1894 1210 1928 meminerim.
1262 1894 1362 1928 Adde
1389 1895 1481 1938 quod
1507 1894 1629 1935 multi,
1669 1895 1751 1928 dum
1778 1895 1974 1928 abutuntur

213 1948 393 1981 concessis
418 1947 484 1981 sibi
512 1947 716 1992 privilegijs
745 1948 829 1992 (non
856 1948 898 1982 de
924 1948 1057 1982 nostris
1083 1948 1227 1992 loquor,
1264 1947 1393 1992 quibus
1420 1948 1484 1981 Dei
1511 1947 1628 1991 gratia
1655 1960 1720 1982 nec
1746 1948 1844 1981 abuti
1880 1948 1971 1991 quod

212 2001 334 2041 sciam,
360 2012 426 2035 nec
451 2000 585 2045 privari
613 2001 778 2045 contigit)
807 2001 863 2035 his
882 2001 1008 2035 diebus
1025 2002 1160 2046 privari
1179 2001 1312 2035 eisdem
1330 2003 1613 2046 promeruerunt.
1649 2001 1748 2042 Quod
1767 2001 1873 2035 etiam
1893 2012 1972 2035 cau-

213 2053 322 2087 tiores
340 2066 403 2087 nos
422 2054 540 2087 facere
560 2054 674 2091 debet,
694 2057 733 2088 ut
750 2055 840 2088 bene
855 2066 894 2088 ac
911 2055 1091 2088 moderate
1105 2054 1247 2095 utendo,
1267 2066 1308 2088 ac
1322 2054 1570 2099 dispensando,
1588 2054 1773 2088 stabiliora
1787 2054 1972 2094 faciamus,

213 2118 304 2150 quae
330 2107 431 2141 nobis
457 2109 541 2140 sunt
567 2108 708 2141 donata.
745 2110 842 2149 Quae
868 2110 943 2141 tam
969 2119 1049 2141 rara
1076 2110 1170 2149 sunt,
1197 2109 1237 2141 ut
1255 2107 1409 2141 invidiae
1429 2107 1536 2141 etiam
1556 2108 1702 2141 reddere
1721 2119 1784 2141 nos
1802 2107 1973 2141 obnoxios

212 2159 360 2204 possint,
386 2160 454 2194 nisi
482 2160 693 2194 facultatem
720 2160 962 2194 moderatione
988 2161 1248 2205 temperemus“
1282 2161 1337 2203 (ln
1364 2160 1547 2205 *epistula
1572 2161 1674 2195 modo
1700 2160 1924 2203 memorata).

330 2214 343 2233 ‘-'
369 2213 503 2247 Paulus
530 2214 590 2248 111.
619 2214 652 2246 111
678 2214 810 2248 litteris
836 2213 908 2248 illis
934 2216 1151 2259 potestatem
1177 2214 1290 2247 Sociis
1316 2214 1404 2248 facit
1446 2214 1572 2255 „horas
1598 2214 1789 2248 canonicas
1825 2213 1971 2247 diurnas

212 2267 345 2311 pariter
371 2268 407 2300 et
433 2270 625 2301 nocturnas
651 2267 846 2301 seeundum
874 2279 978 2301 usum
1003 2279 1170 2301 romanae
1198 2267 1380 2301 Ecclesiae
1417 2267 1558 2301 noviter
1594 2267 1728 2301 editum
1763 2267 1901 2300 dicendi
1937 2269 1972 2299 et

212 2319 403 2360 recitandi,
440 2320 489 2353 ita
524 2320 617 2364 qnod
652 2320 697 2354 ad
732 2320 841 2353 alium
878 2332 981 2354 usum
1016 2321 1278 2355 observandum
1317 2332 1379 2354 seu
1407 2320 1564 2355 officium
1601 2320 1787 2354 dicendum
1828 2320 1971 2353 minime

211 2373 437 2407 teneamini⁴⁴.
477 2373 708 2416 significatur
733 2376 854 2407 autem
880 2374 1097 2408 breviarium
1124 2385 1309 2408 romanum
1335 2386 1355 2408 a
1381 2374 1571 2408 Francisco
1598 2373 1769 2407 cardinali
1799 2373 1971 2414 Quinonio

214 2426 424 2469 (Quifiones)
464 2426 504 2460 O.
538 2426 622 2460 Min.
661 2427 894 2461 reformatum
930 2429 966 2461 et
1000 2438 1091 2461 anno
1122 2427 1209 2461 1535
1246 2427 1398 2472 primum
1434 2427 1587 2467 editum:
1628 2427 1720 2471 quod
1757 2427 1901 2460 brevius
1937 2429 1973 2459 et

210 2479 408 2523 simplicius
435 2481 513 2513 erat
540 2491 645 2523 quam
672 2479 852 2514 breviaria
879 2480 1030 2524 pristina
1059 2480 1156 2524 (vide
1182 2482 1306 2514 Plerre
1331 2482 1490 2523 Baliffol,
1532 2480 1687 2514 Histoire
1714 2480 1759 2514 du
1786 2480 1970 2513 Breviaire

211 2533 346 2566 romain
373 2532 490 2576 [Paris
511 2532 615 2575 1893}
642 2544 675 2577 p.
695 2533 892 2574 azo—230,
919 2536 955 2567 et
980 2534 1091 2567 Smtb.
1112 2535 1269 2567 Biduum·
1287 2533 1326 2567 O.
1347 2533 1380 2567 S.
1405 2535 1452 2574 B„
1479 2533 1696 2568 Geschichte
1723 2534 1785 2567 des
1804 2533 1972 2566 Breviers

212 2585 398 2629 {Freiburg
426 2586 445 2619 i.
475 2586 531 2619 ΒΓ.
563 2586 666 2629 1895]
694 2598 725 2630 p.
749 2586 966 2629 392-—409).
1001 2586 1159 2620 Litterae
1187 2586 1286 2620 Pauli
1317 2587 1375 2620 111,
1404 2586 1618 2631 compluries
1643 2586 1741 2631 typis
1768 2586 1971 2630 exscriptae

211 2641 305 2678 ¹sunt,
333 2650 366 2672 v.
394 2650 428 2682 g.
456 2638 491 2672 in
518 2650 623 2683 opere
655 2639 832 2679 ,Litterae
861 2639 1077 2684 apostolicae
1105 2667 1110 2673 .
1141 2667 1146 2672 .
1176 2667 1182 2673 .
1211 2667 1217 2673 .
1245 2639 1563 2673 Societatis.les11“
1597 2639 1832 2684 (Antverpiae
1862 2639 1966 2681 1635)

214 2704 242 2734 p.
272 2692 411 2725 24⁷⁷-r‘28
439 2696 474 2725 ct
500 2692 534 2724 in
567 2692 756 2733 ‚Instituto
784 2692 974 2726 societatis-
1001 2692 1108 2726 ι10511“·
1142 2693 1208 2726 vol⁴
1236 2693 1250 2726 1
1281 2693 1436 2736 (Pragae
1465 2692 1571 2736 1705)
1601 2705 1632 2737 p.
1662 2693 1761 2726 7—8.

329 2747 342 2765 ³
374 2745 430 2780 ..ln
458 2745 646 2788 quibusvis
673 2745 835 2779 ccelesiis
863 2747 898 2779 et
923 2746 1011 2779 locis
1038 2757 1079 2780 ac
1107 2746 1235 2791 plateis
1261 2746 1507 2780 communibus
1533 2758 1595 2780 seu
1622 2745 1774 2791 publicis
1810 2748 1843 2778 ot
1880 2744 1969 2778 alias

212 2797 340 2841 ubique
367 2798 543 2831 locorum*
578 2798 729 2841 (Paulus
757 2798 817 2832 III.
844 2798 879 2832 in
906 2798 1048 2839 litteris,
1075 2810 1165 2842 quas
1191 2811 1300 2844 supra
1326 2799 1512 2841 diximus).

329 2853 339 2870 ⁴
373 2851 576 2885 Facultates
594 2854 629 2885 et
648 2852 878 2896 exceptiones
898 2852 964 2886 dici
986 2852 1163 2893 videntur,
1183 2864 1274 2895 quae
1292 2855 1458 2897 spectant
1485 2852 1655 2886 ieiunium
1674 2850 1967 2891 ecclesiasticum,

212 2903 455 2937 recitationem
484 2904 592 2938 officii
619 2905 730 2938 divini
758 2907 823 2939 etc.

331 2957 342 2975 ³
374 2957 485 2991 ,Vota
512 2969 838 3000 quaecumque...
869 2958 1129 3001 (ultramarinis
1166 2958 1201 3001 [i.
1229 2970 1257 2992 e.
1294 2958 1497 3002 sepulcrum
1533 2957 1662 2991 domini
1698 2958 1754 3001 pie
1790 2957 1967 2999 adeundil.

212 3008 426 3042 visitationis
462 3009 620 3044 liminum
652 3011 841 3044 sseatorum
866 3010 965 3045 Petri
997 3014 1032 3045 et
1068 3011 1171 3045 Pauli
1198 3011 1447 3056 Apostolorum
1484 3011 1526 3044 de
1560 3010 1654 3044 Urbe
1692 3021 1733 3043 ac
1759 3009 1879 3043 Sancti
1908 3010 1966 3043 Ja-

210 3061 286 3095 cobi
316 3062 347 3094 in
368 3063 616 3105 (jmnpostella,
643 3075 708 3097 1100
734 3075 802 3097 11011
830 3063 1013 3107 religionis
1039 3066 1075 3098 et
1101 3065 1282 3098 castitatis
1308 3065 1402 3097 votis
1428 3065 1617 3097 dumtaxat
1643 3063 1818 3107 exceptis)
1846 3062 1878 3095 in
1899 3062 1967 3096 alia

212 3113 355 3157 pietatis
381 3126 486 3157 opera
514 3116 772 3150 commutandi*
807 3116 957 3160 (Paulus
983 3117 1043 3150 lll.
1072 3117 1092 3150 l.
1121 3117 1180 3160 0..)

329 3168 341 3185 ‘²
373 3167 522 3206 „Missas
549 3171 630 3201 ante
658 3168 767 3203 diem.
797 3170 890 3203 circa
916 3172 1037 3203 tamen
1065 3170 1227 3203 diurnam
1254 3169 1388 3207 lucem,
1425 3171 1460 3202 et
1487 3169 1593 3202 etiam
1620 3168 1711 3201 infra
1738 3167 1860 3201 horam
1888 3170 1967 3212 post
