2178 3430
564 186 594 222 1.
629 185 681 220 De
707 186 814 220 rebus
840 197 859 220 a
886 185 1028 219 Canisio
1054 184 1167 229 gestis
1193 196 1235 219 ac
1260 184 1416 230 scriptis.
1788 199 1870 227 XXI

230 304 365 354 Neque
393 303 676 353 posterioribus
715 303 883 341 saeculis
920 303 983 340 hic
1024 302 1215 340 canisiani
1246 301 1414 340 nominis
1444 301 1628 351 splendor
1657 300 1870 349 elanguit¹,

112 367 229 413 atque
270 376 290 401 e
330 362 612 400 recentioribus
661 362 778 400 etiam
823 361 1134 411 protestantibus
1182 361 1399 410 complures
1447 361 1492 398 de
1534 360 1691 399 Canisio
1738 359 1870 397 verbis

109 423 320 472 loquuntur
339 421 601 471 amplissimiS,
621 421 743 459 veluti
759 421 926 459 Ioannes
941 419 1157 466 Fabricius,
1178 420 1379 469 professor
1399 423 1437 457 et
1458 421 1579 457 abbas
1600 420 1830 457 lutheranus
1845 420 1869 464 ²,

111 482 301 519 Ernestus
321 480 504 518 Salomon
521 480 750 530 Cyprianus,
781 479 1070 529 protosynedrii
1089 478 1250 527 gothani
1279 491 1439 528 praeses
1459 478 1631 516 vicarius
1647 480 1670 524 ³,
1701 477 1871 515 Ioannes

111 540 303 579 Matthias
329 539 542 585 Schro'ckh,
571 539 761 577 historiae
790 539 990 589 professor
1017 538 1058 575 in
1086 537 1345 575 universitate
1374 537 1716 585 vitembergensi4,
1747 536 1871 574 Ludo·

111 600 223 637 vicus
263 599 466 648 Philippus
506 611 585 635 Van
625 598 700 635 den
737 598 894 646 Bergh,
935 597 1047 646 regni
1086 596 1326 634 neerlandici
1367 596 1582 633 archivista
1622 594 1829 645 primarius
1847 598 1870 641 ⁵,

235 727 244 747 ¹
271 725 453 760 Canisium
494 726 635 769 magnis
677 724 843 759 laudibus
885 723 1026 758 ornavit
1068 722 1176 757 etiam
1215 723 1376 766 Iyncztz'us
1418 722 1643 765 Hyacinthus
1682 726 1789 755 Amat
1832 723 1873 755 de

114 781 296 815 Graveson
331 778 372 813 O.
407 778 466 813 Pr.
482 806 490 820 ,
535 778 724 822 theologus
760 777 988 812 notissimus:
1037 775 1196 810 Historia
1240 775 1487 810 ecclesiastica
1530 774 1642 808 variis
1687 774 1872 818 colloquiis

110 833 253 876 digesta
278 831 347 866 VH
376 831 556 875 (Augusta
573 831 679 865 Vind.
706 832 742 864 et
765 830 907 864 Graecii
927 829 1046 873 1726),
1074 829 1153 863 6011.
1172 830 1204 869 5,
1230 841 1264 873 p.
1286 828 1363 862 122.
1399 828 1497 862 Idem
1523 827 1705 872 praestitit
1731 828 1873 861 Natalis

112 886 320 920 Alexander
338 884 378 919 O.
398 885 468 926 Pr.‚
496 884 654 919 Historia
672 883 928 924 ecclesiastica,
955 894 1048 917 saec.
1067 882 1145 916 XV.
1171 884 1207 916 et
1225 881 1331 923 XVI„
1359 882 1425 916 art.
1445 881 1476 922 2,
1503 892 1536 914 n.
1556 880 1598 915 81
1631 880 1700 923 (ed.
1725 881 1759 914 C.
1779 882 1872 914 Ron-

111 940 248 983 caqlia,
285 937 334 971 IX
362 937 538 981 [Venetiis
567 936 690 980 1778]‚
729 935 824 980 154).
874 936 993 980 Atque
1019 935 1055 969 in
1080 935 1317 969 universitate
1347 933 1525 969 catholica
1552 933 1717 977 Friburgi
1743 932 1873 967 Helve-

109 991 242 1026 tiorum
277 991 342 1025 sub
378 990 547 1035 auspiciis
582 989 711 1024 summi
742 989 920 1034 pontificis
946 989 1074 1023 Leonis
1100 988 1196 1022 XIII.
1231 999 1346 1032 nuper
1380 988 1547 1022 instituta
1582 986 1738 1021 facultas
1776 986 1873 1020 theo-

111 1045 239 1089 logica,
265 1046 409 1089 praeter
427 1055 648 1077 communem
667 1042 823 1076 omnium
841 1042 1044 1076 scholarum
1062 1044 1252 1086 patronum
1270 1040 1461 1075 Doctorem
1478 1039 1702 1084 Angelicum,
1722 1039 1874 1073 Beatum

111 1100 275 1133 nostrum
289 1097 470 1132 Canisium
484 1096 700 1141 peculiarem
715 1095 783 1130 sibi
797 1095 907 1139 elegit
919 1097 1110 1140 patronum
1124 1106 1195 1128 una
1209 1106 1289 1128 cum
1303 1094 1415 1128 Beato
1430 1093 1577 1128 Alberto
1591 1093 1723 1137 Magno
1738 1092 1778 1127 O.
1794 1092 1853 1127 Pr.
1866 1105 1873 1134 3

111 1151 207 1196 quod
242 1151 351 1185 etiam
384 1150 526 1194 legibus
560 1149 719 1183 eiusdem
753 1148 939 1183 facultatis
974 1149 1149 1182 insertum
1184 1149 1258 1189 est,
1297 1148 1340 1182 ab
1376 1147 1500 1181 eodem
1534 1158 1672 1181 summo
1707 1145 1874 1191 pontifice

115 1205 169 1239 19.
196 1203 288 1238 Iunii
311 1203 400 1238 1890
426 1202 632 1248 approbatis
661 1201 821 1245 (Statuta
845 1201 1031 1236 facultatis
1056 1200 1280 1243 theologicae
1307 1200 1536 1244 Friburgens.
1564 1199 1658 1245 apud
1685 1199 1874 1233 Helvetios

112 1269 143 1292 6.
174 1257 211 1299 1,
246 1269 280 1291 n.
306 1256 357 1299 2).
407 1255 474 1297 Qui
508 1267 593 1289 vero
628 1254 846 1300 reipublicae
880 1254 1119 1298 friburgensis
1153 1253 1341 1288 historiam
1376 1253 1606 1298 conscripsit,
1641 1252 1874 1297 quantumvis

112 1309 205 1344 falso
231 1309 434 1353 indulgeret
459 1308 687 1350 liberahsmo,
714 1308 834 1342 fassus
859 1309 981 1342 tamen
999 1310 1072 1341 est:
1103 1306 1259 1349 „Jamais
1286 1307 1344 1340 vie
1369 1318 1413 1340 ne
1438 1307 1494 1340 fut
1518 1305 1600 1351 plus
1625 1305 1813 1340 utilement
1840 1307 1875 1339 et

111 1363 194 1408 plus
219 1362 519 1397 laborieusement
544 1361 704 1406 remplie.
754 1361 832 1395 Elle
858 1361 914 1395 fut
939 1362 1202 1395 constamment
1226 1362 1395 1404 marquee
1421 1371 1467 1393 au
1501 1359 1580 1393 coin
1615 1359 1658 1393 de
1694 1358 1874 1402 131111683-

110 1416 187 1450 tion
212 1415 248 1449 13
273 1415 354 1460 plus
373 1414 590 1449 chretienne.
627 1413 781 1448 Orateur
799 1414 978 1458 eloquent,
1005 1413 1163 1448 ecrivain
1183 1413 1374 1456 distingue,
1400 1412 1633 1456 negociateur
1650 1411 1874 1455 infatigable,

111 1468 145 1503 16
170 1468 211 1503 P.
239 1467 404 1503 Canisius
426 1467 580 1513 joignait
606 1478 651 1501 au
677 1467 750 1501 zele
777 1467 819 1501 de
844 1467 994 1512 l'apotre
1020 1466 1203 1501 l’habilete
1229 1466 1276 1500 du
1313 1465 1523 1511 diplomate,
1562 1465 1754 1499 l’humilite
1792 1464 1875 1499 d‘un

110 1521 207 1556 saint
233 1523 269 1555 et
293 1520 496 1555 l’erudition
523 1521 605 1554 d'un
630 1521 780 1555 savant“
814 1520 988 1565 (Histoire
1023 1520 1071 1554 du
1097 1519 1234 1554 Canton
1270 1519 1313 1553 de
1339 1519 1533 1563 Fribourg,
1570 1530 1635 1564 par
1659 1518 1693 1553 16
1719 1518 1876 1552 Docteur

111 1576 301 1609 Berchtold
326 1574 376 1619 [2“Β
399 1573 525 1619 partie,
552 1574 726 1618 Fribourg
752 1586 794 1608 en
822 1573 943 1608 Suisse
968 1573 1084 1617 1845],
1111 1585 1144 1618 p.
1165 1572 1382 1616 271—273).
1418 1572 1602 1607 Canisium
1628 1572 1671 1606 de
1698 1571 1875 1606 Societate

110 1629 192 1662 Iesu
216 1628 253 1662 in
279 1627 471 1663 Germania
496 1627 653 1661 omnium
679 1627 811 1672 optime
836 1626 1004 1661 meritum
1040 1638 1119 1661 esse
1154 1626 1292 1660 clarum
1326 1627 1382 1660 est
1417 1628 1453 1660 et
1487 1626 1530 1659 ab
1567 1625 1731 1659 omnibus
1766 1636 1874 1668 agno-

109 1681 242 1722 scitur,
278 1693 312 1715 v.
340 1692 374 1724 g.
410 1692 431 1714 a
456 1681 502 1714 K.
529 1682 594 1714 Fr.
620 1681 825 1724 Etclalzorn,
860 1679 1042 1714 Deutsche
1077 1678 1213 1713 Staats-
1247 1679 1320 1713 und
1355 1678 1700 1722 Rechtsgeschichte
1734 1678 1767 1712 4.
1795 1677 1874 1712 Thl.

113 1733 162 1779 (4.
189 1733 294 1775 Aust,
322 1733 658 1777 Gottingen1836),
684 1746 717 1779 p.
739 1734 837 1775 176⁰,
864 1735 900 1767 et
926 1733 969 1767 ab
988 1733 1118 1767 Eberh.
1137 1733 1331 1776 Zz'rnyiebl,
1357 1731 1506 1766 Studien
1532 1731 1619 1766 111161
1645 1731 1709 1765 (135
1727 1731 1875 1765 1115111111

111 1788 175 1822 der
201 1787 447 1822 Gesellschaft
472 1787 559 1822 Jesu
589 1786 751 1832 (Leipzig
781 1786 886 1830 1870)
915 1798 948 1831 p.
976 1786 1055 1820 262.

231 1841 245 1861 ²
270 1840 450 1874 Historiae
475 1839 712 1874 bibliothecae
731 1839 951 1874 fabricianae
969 1839 1060 1873 Pars
1078 1839 1129 1872 III
1151 1837 1456 1882 (Wolfenbuttelii
1476 1837 1594 1882 1719),
1622 1850 1656 1883 p.
1675 1837 1873 1872 366—367.

231 1894 244 1914 ³
274 1893 340 1935 „Et
365 1892 562 1927 eruditione
588 1892 763 1937 singulari
789 1895 825 1927 et
849 1892 886 1926 in
911 1892 1098 1937 pontifices
1116 1892 1294 1925 Romanos
1315 1891 1432 1925 studio
1451 1891 1667 1935 obsequiove
1693 1892 1729 1925 et
1754 1890 1874 1924 labore

112 1946 313 1981 incredibili
338 1946 374 1980 111
401 1945 571 1980 cathedra
597 1957 678 1980 cum
704 1946 907 1980 academica
933 1947 1009 1980 tum
1036 1945 1280 1979 ecclesiastica
1307 1956 1348 1979 36
1374 1944 1562 1979 itineribus
1588 1944 1762 1989 plurimis,
1789 1943 1875 1978 scri-

111 1999 238 2034 bendis
268 1999 376 2033 etiam
408 1999 588 2033 catechesi
623 2001 659 2033 et
693 1999 772 2034 aliis
808 1999 973 2044 operibus
1007 1998 1159 2033 tolerato
1193 2009 1403 2042 summoque
1437 1997 1700 2032 haereticorum
1734 1997 1813 2031 odio
1839 1997 1875 2030 in

110 2054 250 2087 tantam
276 2052 371 2097 apud
396 2063 481 2086 suos
507 2052 755 2086 claritudinem
782 2052 946 2098 pervenit
972 2051 1155 2093 Canisius,
1191 2054 1231 2085 ut
1257 2051 1390 2086 Romae
1425 2051 1587 2085 omnibus
1622 2049 1752 2084 aetatis
1778 2050 1875 2084 illius

110 2105 290 2149 theologis
316 2106 610 2150 anteponeretur“
637 2105 884 2149 (Tabularium
911 2105 1084 2140 ecclesiae
1101 2104 1284 2139 Romanae
1309 2104 1422 2139 seculi
1448 2104 1575 2138 decimi
1595 2103 1691 2138 sexti
1709 2103 1874 2147 [Franco-

111 2158 199 2193 furti
225 2160 262 2193 et
287 2158 429 2203 Lipsiae
458 2158 562 2202 1743]
588 2170 621 2203 p.
650 2158 723 2202 33).

231 2214 244 2232 ⁴
274 2212 427 2254 „Keiner
452 2214 556 2246 unter
581 2212 704 2246 seinen
724 2211 1042 2254 Ordensgenosseu
1067 2211 1104 2245 in
1121 2210 1369 2245 Deutschland
1394 2210 1457 2244 hat
1482 2209 1548 2244 mit
1570 2222 1609 2244 so
1627 2209 1757 2243 vielem
1777 2209 1875 2243 Eifer

111 2264 224 2299 durch
248 2265 461 2309 Predigten,
500 2265 711 2300 Unterricht
736 2265 798 2298 der
823 2264 984 2308 Jugend,
1021 2264 1201 2298 Schriften
1227 2264 1299 2298 und
1326 2263 1484 2298 Einfluss
1511 2275 1567 2297 am
1594 2263 1686 2297 Hofe
1722 2262 1777 2297 die
1803 2262 1873 2296 An-

110 2318 192 2352 zahl
217 2319 279 2352 der
305 2318 499 2362 Anhanger
525 2319 588 2352 der
613 2317 893 2362 evangelischen
912 2317 1086 2361 Religion,
1108 2345 1114 2352 .
1136 2345 1142 2352 .
1163 2345 1169 2352 .
1189 2317 1289 2351 nicht
1314 2316 1405 2351 ohne
1430 2316 1715 2351 betrachtlichen
1740 2315 1874 2358 Erfolg,

109 2383 155 2406 zu
180 2371 408 2406 vermindern
433 2371 604 2415 gesucht“
637 2371 869 2416 (Christliche
896 2370 1263 2415 Kirchengeschichte
1288 2370 1358 2404 seit
1383 2370 1445 2404 der
1468 2369 1712 2404 Reformation
1743 2369 1774 2403 3.
1794 2369 1872 2403 Thl.

111 2423 274 2469 [Leipzig
301 2424 404 2468 1805]
433 2437 466 2470 p.
493 2424 591 2469 550).

231 2478 244 2497 ⁵
273 2477 403 2520 „Welk
429 2489 515 2512 eene
541 2477 744 2523 kerkelijke
769 2477 907 2521 rigting
932 2489 1013 2511 men
1039 2477 1107 2511 ook
1132 2476 1333 2520 toegedaan
1359 2475 1414 2521 zij,
1441 2475 1512 2510 kan
1538 2487 1619 2509 men
1644 2475 1720 2509 niet
1745 2474 1873 2509 anders

111 2529 182 2563 dan
206 2532 280 2563 met
304 2530 556 2575 bewondering
582 2543 626 2576 op
652 2531 763 2565 dezen
788 2542 870 2565 man
897 2532 1028 2571 staren,
1055 2530 1111 2564 die
1136 2530 1207 2575 zijn
1233 2529 1380 2573 geheele
1406 2529 1512 2563 leven
1538 2540 1581 2562 611
1607 2527 1677 2562 3116
1699 2528 1873 2562 krachten

112 2593 183 2616 van
210 2581 388 2625 ligchaam
416 2595 459 2617 en
484 2584 551 2618 ziel
576 2584 766 2629 toewijdde
793 2595 860 2618 3311
886 2584 1041 2627 11618661]
1067 2583 1116 2628 hij
1144 2595 1230 2617 voor
1255 2594 1352 2616 waar
1378 2594 1422 2616 en
1448 2584 1528 2625 regt
1554 2581 1659 2616 hield.
1710 2580 1785 2615 Een
1812 2581 1874 2615 der

111 2634 277 2669 hechtste
312 2636 556 2681 steunpilaren
591 2648 662 2671 van
697 2637 759 2671 het
792 2636 1043 2671 katholicisme
1078 2636 1114 2670 in
1149 2636 1204 2670 die
1239 2635 1496 2679 stormachtige
1531 2646 1649 2676 eeuw,
1687 2634 1797 2677 rigtte
1823 2633 1872 2679 hij

112 2687 235 2722 vooral
262 2687 353 2733 zijne
380 2689 558 2723 aandacht
584 2701 626 2734 op
654 2690 721 2723 den
747 2689 1058 2723 verwaarloosden
1083 2691 1180 2723 staat
1205 2700 1277 2722 van
1302 2688 1365 2722 het
1390 2687 1580 2733 onderwijs
1611 2699 1654 2721 en
1688 2687 1786 2721 heeft
1822 2687 1873 2721 dit

112 2741 181 2775 dan
206 2741 285 2782 ook,
311 2741 444 2775 schoon
469 2741 597 2785 geheel
621 2743 656 2776 in
683 2742 908 2788 kerkelijken
934 2743 1002 2783 zin,
1029 2743 1114 2776 door
1132 2741 1194 2776 het
1211 2741 1368 2776 stichten
1386 2753 1457 2775 van
1475 2752 1540 2775 een
1558 2740 1680 2775 3311131
1698 2740 1873 2784 6011681611

112 2805 156 2828 611
182 2793 267 2828 door
293 2794 396 2837 eigen
421 2794 496 2828 leer
521 2806 564 2828 en
590 2795 782 2829 voorbeeld
808 2795 976 2839 krachtig
1001 2795 1209 2829 bevorderd.
1230 2822 1236 2828 .
1258 2822 1264 2828 .
1285 2822 1292 2829 .
1319 2794 1392 2828 Het
1417 2794 1709 2840 protestantisme
1736 2794 1797 2828 dat
1822 2793 1871 2838 hij

110 2846 181 2892 zijn
215 2847 363 2891 geheele
397 2847 502 2881 leven
536 2847 622 2892 lang
654 2848 839 2889 bestreed‚
874 2848 947 2882 kan
981 2848 1063 2882 hem
1097 2847 1233 2882 slechts
1268 2847 1322 2881 315
1357 2859 1422 2881 6611
1457 2847 1636 2893 dapperen
1665 2846 1788 2892 vijand
1814 2847 1871 2881 be-

108 2900 313 2942 schouwen,
340 2912 440 2935 maar
465 2900 519 2934 zal
545 2903 605 2935 ten
631 2901 762 2935 minste
788 2912 856 2935 aan
881 2900 997 2946 zijnen
1024 2901 1262 2935 onbezweken
1287 2900 1390 2946 ijver,
1416 2900 1507 2946 zijne
1528 2902 1652 2945 groote
1670 2900 1871 2934 bekwaam—

110 2952 226 2988 heden
252 2965 296 2988 en
321 2954 392 2999 zijn
418 2954 538 2988 eervol
564 2954 737 2988 karakter
762 2954 853 3000 zijne
879 2953 1027 2997 achting
1053 2954 1127 2988 niet
1161 2955 1380 2997 ontzeggen“
1413 2954 1501 2998 (Het
1526 2953 1777 2999 Nijmeegsche
1804 2953 1870 2987 Ge-

108 3005 230 3041 slacht
263 3007 394 3049 Kauis,
432 3007 469 3041 in
499 3007 711 3052 „Bijdragen
748 3019 835 3041 voor
873 3006 1154 3041 vaderlandsehe
1181 3006 1437 3041 Geschiedenis
1473 3019 1515 3041 en
1551 3006 1870 3041 Oudheidkunde“.

110 3058 322 3094 Verzameld
349 3072 393 3094 en
417 3061 636 3104 uitgegeven
664 3060 749 3094 door
766 3060 832 3094 Mr.
853 3061 898 3094 Is.
917 3062 988 3094 An.
1006 3061 1157 3104 Nt'jlzoff,
1182 3059 1358 3104 vervolgd
1382 3060 1466 3094 door
1484 3061 1523 3094 P.
1543 3061 1693 3103 Nz'jleoff.
1721 3059 1868 3093 Nieuwe

110 3111 242 3154 Reeks,
269 3113 399 3147 Vierde
425 3113 513 3148 Deel
539 3112 711 3158 [Arnhem
740 3112 853 3158 1866],
880 3125 913 3158 p.
935 3114 1150 3157 160—161).
1185 3113 1385 3158 Separatim
1412 3125 1552 3158 quoque
1579 3113 1668 3148 haec
1694 3124 1870 3148 commen—

110 3165 200 3199 tatio
227 3166 322 3201 edita
348 3169 413 3201 est.
