2113 3430
806 205 859 238 12.
886 204 1099 240 Novembris
1128 206 1227 241 1548.
1807 215 1890 256 289

133 333 313 372 quorum
345 332 476 373 opera
508 319 736 363 videbatur
769 321 939 374 quidem
971 323 1089 374 istic,
1124 323 1159 365 si
1191 324 1408 376 viuerent,
1447 328 1607 370 nostris
1639 330 1893 386 Christoque

132 384 361 437 profutura
393 383 538 426 fuisse.
603 384 728 426 Nunc
761 385 973 429 foeliciter
1005 391 1193 431 commut
1206 387 1320 444 [ato]
1354 390 1471 433 vitae
1503 396 1643 445 statU,
1678 410 1788 438 nunc
1822 399 1891 440 vbi

132 448 324 502 perfecte
365 448 445 489 sibi
486 449 663 502 Deoque
704 449 850 492 viuere
895 455 939 493 et
978 466 1163 506 regnare
1208 459 1463 508 coeperunt,
1509 472 1621 500 nunc
1664 460 1706 501 in
1721 460 1889 517 [quam]

132 513 213 555 etsi
246 512 351 554 nihil
383 527 461 554 nos
493 513 699 556 adiuuare
721 517 940 568 putentur,
974 517 1070 570 plus
1102 521 1239 571 agunt
1260 522 1419 570 tamen,
1453 522 1549 574 plus
1582 527 1732 567 nostra
1764 542 1890 579 quam

132 577 240 628 viui,
273 591 351 631 pro
366 576 592 631 [meinent
625 594 675 621 ac
706 594 960 634 promouere
992 586 1188 635 pergent.
1253 584 1392 633 Quare
1426 587 1538 638 quod
1571 590 1763 642 sepultos
1795 592 1891 634 istic

132 656 154 683 e
186 642 394 684 fratribus
426 642 511 684 iam
544 643 650 685 duos
678 659 904 687 numerare
935 647 1108 699 possim,
1142 649 1309 700 gaudeo
1331 650 1623 703 vehementer,
1658 658 1701 696 et
1724 656 1890 699 Christo

131 706 297 760 gratias
330 721 431 760 ago,
467 708 722 762 Sanctisque
754 710 1025 764 potissimum
1058 711 1109 765 ijs
1143 713 1213 765 qui
1246 714 1447 757 Coloniae
1478 722 1685 770 praesunt
1719 724 1762 763 et
1792 735 1892 775 pro-

130 775 243 814 sunt.
290 772 449 813 Scribis
472 773 615 815 exolui
647 788 843 816 nummos
875 789 970 817 meo
1003 776 1187 827 nomine,
1221 779 1366 831 plures
1399 780 1529 822 etiam
1561 782 1739 826 iuuenes
1772 786 1891 828 breui

131 837 185 878 ad
217 840 261 879 te
292 840 520 887 venturos,
556 839 778 881 contiones
810 839 958 882 itidem
990 839 1224 883 Dominicis
1257 857 1281 884 a
1314 847 1358 886 te
1391 845 1539 888 diebus
1571 847 1742 899 haberi3
1781 865 1891 903 quae

131 900 273 942 onmia
306 916 401 942 cum
434 916 457 943 e
491 902 635 944 diuina
676 903 869 946 bonitate
910 905 1012 946 mihi
1044 920 1302 959 promanare
1335 909 1613 962 singulariter
1645 914 1889 966 videantur,

130 965 299 1008 etiamsi
343 965 562 1021 frucltus]
608 967 715 1009 alios
759 968 801 1010 in
844 970 1182 1012 confessionibus
1224 987 1307 1014 non
1350 975 1605 1027 adiecisses‚
1648 983 1744 1022 erat
1784 981 1891 1023 satis

130 1033 290 1081 tamen,
311 1046 393 1084 quo
416 1032 676 1074 laudandum
700 1036 744 1075 et
764 1034 1059 1076 admirabilem
1083 1050 1217 1089 usque
1235 1037 1409 1080 Patrem
1428 1041 1565 1082 Deum
1586 1042 1889 1097 intelligerem,

130 1095 397 1138 intellectum
439 1096 577 1150 magis
619 1112 822 1141 amarem.
887 1099 1023 1141 Video
1064 1100 1192 1143 facile
1224 1116 1409 1145 messem
1440 1105 1537 1147 istic
1570 1108 1769 1160 vberem,
1812 1125 1890 1153 1100

131 1160 278 1202 dubito
320 1161 489 1203 futuros
531 1162 662 1204 etiam
703 1163 856 1205 messis
897 1165 1138 1218 operarios:
1181 1170 1351 1210 tantum
1385 1172 1433 1211 vt
1466 1171 1616 1224 cepisti
1649 1173 1707 1214 mi
1739 1175 1888 1226 frater,

131 1225 281 1268 insta
313 1230 583 1280 oportune
615 1227 970 1281 importune1,
1006 1234 1053 1272 vt
1075 1231 1309 1274 multorum
1340 1235 1525 1277 salutem
1557 1237 1692 1280 facias
1724 1239 1889 1282 lucrum

130 1290 299 1332 animae
330 1293 453 1341 tuae,
497 1294 541 1333 et
574 1293 788 1334 cumulum
821 1293 1014 1336 laetitiae
1052 1298 1239 1339 nostrae.
1304 1298 1424 1347 Quod
1456 1301 1510 1341 ad
1542 1304 1640 1343 tuos
1673 1304 1743 1356 qui
1777 1305 1888 1347 domi

130 1354 416 1398 instituuntur
438 1356 608 1407 attinet,
641 1357 770 1399 laudo
800 1358 970 1411 quidem
1002 1360 1242 1403 studiorum
1274 1363 1329 1404 ad
1360 1378 1427 1405 me
1460 1365 1643 1419 scriptas
1676 1369 1890 1412 exercita-

130 1419 281 1462 tiones.
331 1421 494 1462 Verum
525 1421 605 1463 1100
637 1422 767 1464 etiam
801 1424 928 1477 adijci
960 1425 1103 1475 velim,
1138 1429 1185 1468 vt
1219 1441 1273 1468 ex
1305 1430 1500 1482 tempore
1523 1434 1598 1473 aut
1620 1433 1775 1476 saltem
1798 1435 1889 1477 sine

128 1485 253 1537 graui
275 1486 513 1527 studiorum
540 1486 846 1541 impedimento
879 1503 1008 1543 saepe
1042 1491 1156 1532 domi
1188 1492 1553 1546 contionarentur,
1587 1496 1714 1550 idque
1747 1500 1890 1541 verbis

128 1550 408 1602 germanicis,
450 1551 585 1593 veluti
628 1566 720 1594 cum
755 1554 886 1607 vulgo
928 1569 997 1596 res
1038 1555 1122 1597 illis
1165 1560 1279 1599 esset
1320 1558 1363 1599 in
1404 1565 1626 1613 suggestu.
1689 1564 1803 1605 Nam
1836 1565 1888 1606 ad

128 1614 239 1657 hunc
260 1617 402 1666 finem,
436 1620 554 1659 recte
577 1617 740 1660 scilicet
762 1619 1050 1670 contionandi,
1084 1623 1340 1676 praecipuus
1366 1623 1536 1667 illorum
1569 1630 1614 1669 et
1644 1631 1888 1671 nostrorum

129 1680 369 1722 studiorum
390 1680 557 1723 fructus
590 1685 657 1724 est
688 1684 952 1727 referendus.
998 1686 1140 1727 Vnum
1172 1686 1346 1729 interim
1380 1691 1627 1742 constitues,
1663 1693 1732 1746 qui
1763 1709 1889 1748 prae-

128 1744 250 1799 cipue
282 1748 433 1798 gestus
466 1747 680 1797 obseruet,
714 1749 785 1801 qui
817 1763 967 1791 vocem
1000 1752 1214 1802 attendat,
1248 1756 1292 1795 et
1324 1768 1418 1795 cum
1453 1770 1559 1809 opus
1582 1756 1664 1799 erit
1687 1760 1888 1812 corrigat,

129 1810 284 1863 quique
315 1811 548 1865 praecipua
580 1813 932 1856 concionatorum
965 1820 1221 1859 ornamenta
1252 1823 1459 1871 quantum
1496 1821 1661 1872 licebit,
1704 1823 1889 1867 inculcet

127 1875 308 1928 singulis
340 1879 471 1929 atque
495 1879 764 1921 commendet
777 1879 805 1921 2.
856 1879 924 1921 Sic
947 1880 1123 1932 Romae,
1158 1882 1218 1924 sic
1240 1882 1282 1924 in
1306 1883 1571 1938 Portugalia,
1605 1887 1665 1929 sic
1698 1889 1889 1941 quotidie

127 1940 194 1981 hic
226 1941 432 1984 factitant
464 1942 614 1993 nostri,
648 1945 692 1984 et
723 1943 766 1985 id
798 1945 960 1997 absque
983 1947 1221 1988 studiorum
1247 1948 1427 1999 iactura,
1463 1951 1562 2003 quia
1594 1966 1743 2005 parum
1778 1958 1887 1996 tem-

126 2005 243 2059 poris
284 2006 339 2047 ad
370 2007 768 2060 praemeditandum
803 2010 943 2053 datur.
1007 2011 1135 2054 Nosti
1169 2026 1295 2063 uero,
1342 2018 1505 2066 quanta
1538 2016 1885 2061 concionatorum

125 2071 303 2124 penuria
337 2072 539 2114 Germani
578 2073 809 2127 praecipue
842 2075 1053 2118 laborent.
1118 2078 1204 2119 Res
1238 2078 1408 2132 collegij
1442 2081 1580 2122 nostri
1612 2082 1886 2125 foelicissime

124 2135 306 2186 habent,
351 2136 473 2178 breui
513 2137 774 2180 Academica
819 2137 917 2194 [sic]
963 2141 1134 2194 publica
1178 2142 1489 2186 nominabitur:
1535 2145 1596 2187 sic
1640 2149 1887 2191 tractantur

123 2200 266 2242 studia
300 2200 606 2253 Grammatica,
640 2202 891 2254 Dialectica,
931 2205 1177 2257 Rhetorica,
1212 2207 1526 2262 Philosopfflca,
1560 2210 1883 2263 Matheinatica,

125 2266 303 2315 Graeca,
337 2266 602 2316 Haebraica,
637 2268 919 2321 Theologica‚
954 2274 1002 2312 vt
1033 2274 1180 2324 putem
1214 2287 1339 2323 sane,
1374 2275 1487 2327 quod
1520 2275 1591 2329 alij
1625 2277 1752 2319 facile
1785 2293 1884 2320 0011-

123 2333 321 2381 firmant,
370 2331 519 2373 nullibi
562 2332 768 2375 maiorem
816 2334 858 2375 in
901 2334 1178 2378 instituendis
1223 2338 1571 2382 adolescentibus
1616 2342 1883 2395 diligentiam

124 2409 243 2445 esse,
289 2396 324 2437 si
369 2396 420 2438 de
464 2397 644 2450 publicis
688 2399 920 2453 academijs
965 2400 1189 2443 dicendum
1234 2402 1303 2445 sit.
1379 2405 1546 2447 Vellem
1591 2406 1670 2448 1100
1715 2422 1884 2460 quoque

123 2460 282 2502 vestris
313 2461 356 2502 in
384 2476 508 2503 vsum
530 2463 655 2512 verti,
690 2464 1048 2516 quemadmodum
1070 2466 1137 2508 hic
1159 2468 1332 2518 nostris,
1367 2472 1414 2511 ut
1446 2473 1565 2513 certo
1599 2471 1665 2513 die
1699 2472 1884 2515 cuiusuis

122 2526 416 2568 hebdomadae
449 2527 764 2581 disputaretur,
807 2544 890 2570 11011
925 2530 975 2571 (10
1008 2531 1149 2584 logica
1181 2532 1340 2583 solum,
1383 2534 1458 2575 sed
1492 2535 1543 2576 de
1578 2535 1807 2578 Rhetorica
1840 2541 1884 2579 et

125 2656 429 2690 benedictinarum
455 2660 542 2698 erat,
568 2659 704 2693 tumulo
731 2661 903 2694 mulorum
929 2661 1005 2695 eius
1034 2662 1172 2696 illatum
1199 2666 1263 2696 031.
1336 2664 1418 2697 (jod>
1452 2665 1705 2709 „liist.gy11111.
1726 2670 1768 2699 tr.
1788 2674 1877 2701 coin*

124 2710 147 2743 f.
175 2709 235 2743 21a
258 2711 293 2742 et
319 2709 387 2743 alio
415 2722 482 2743 non
508 2710 599 2754 sign.
748 2715 757 2733 ¹
783 2713 804 2747 2
830 2713 919 2748 Tim.
947 2716 978 2751 4,
1005 2716 1037 2749 2.

244 2761 257 2782 ²
283 2762 381 2796 Haec
401 2774 510 2807 paene
529 2765 645 2798 omnia
664 2768 700 2798 S.
725 2767 882 2807 [quatias
908 2769 1032 2810 postea
1059 2768 1092 2802 in
1116 2769 1477 2809 „Constitutionihus“
1500 2771 1613 2804 Sociis
1640 2773 1881 2817 praescripsit.

124 2814 178 2848 Ita
205 2814 247 2848 (10
274 2815 442 2849 noviciis:
484 2816 552 2857 „Es
580 2816 692 2857 hiem,
728 2818 861 2861 inquit,
902 2831 990 2863 „que
1016 2832 1054 2854 se
1085 2820 1254 2864 eje1·(·iten
1281 2822 1383 2855 todos
1412 2822 1457 2863 (31
1484 2822 1614 2865 alguno
1640 2836 1685 2858 no
1711 2825 1881 2860 eximiese

124 2867 156 2901 el
183 2868 364 2912 Superior)
394 2880 437 2902 en
465 2868 628 2912 predicar
653 2869 778 2904 dentre
805 2871 847 2905 de
874 2884 975 2913 rasa,
1013 2884 1098 2916 para
1124 2885 1193 2917 que
1229 2902 1236 2908 .
1266 2902 1271 2907 .
1301 2902 1306 2908 .
1343 2886 1381 2908 30
1408 2876 1548 2909 1111111101]
1575 2888 1599 2920 y
1626 2878 1744 2912 tomen
1771 2879 1880 2923 algun

124 2932 186 2954 uso
212 2933 315 2955 cerea
340 2921 375 2955 la
402 2934 477 2962 voz,
505 2922 617 2964 nme,
643 2934 667 2967 y
694 2923 727 2957 10
753 2924 906 2958 (10111113.“
948 2925 1000 2959 De
1026 2926 1253 2961 scholasticis
1280 2930 1418 2962 autem:
1450 2928 1514 2969 „Se
1541 2929 1751 2973 ejercitaraiu
1779 2944 1822 2966 en
1849 2933 1878 2966 el

123 2974 286 3018 predicar
310 2987 334 3020 y
360 2975 434 3009 leel·
460 2987 502 3008 en
529 2976 631 3009 modo
658 2977 892 3011 conveniente
920 2990 1004 3022 para
1030 2978 1064 3012 la
1091 2979 1297 3013 edificacion
1323 2980 1379 3014 del
1407 2981 1552 3025 pueblo,
1580 2994 1649 3026 que
1676 2996 1713 3017 es
1740 2985 1879 3020 diverso

124 3027 179 3061 (101
206 3028 428 3068 escohistico,
457 3029 674 3073 procurando
700 3031 815 3063 tomar
842 3030 921 3063 111011
948 3031 983 3065 la
1008 3030 1170 3074 lenguaf
1224 3032 1378 3077 Expedit
1405 3034 1510 3068 etiam
1544 3038 1663 3077 „tener
1689 3038 1778 3071 huen
1807 3050 1878 3072 001·-

124 3083 239 3114 rector
265 3092 333 3125 que
360 3082 458 3115 avise
485 3082 527 3115 de
554 3081 606 3116 las
643 3082 750 3116 saltas
786 3095 827 3116 en
865 3083 896 3117 Ιο
923 3095 991 3127 que
1027 3087 1106 3118 toea
1142 3087 1161 3118 ai
1200 3083 1253 3119 las
1289 3098 1391 3120 cosas
1417 3099 1485 3130 que
1511 3099 1550 3121 se
1576 3090 1761 3133 predican,
1799 3094 1819 3124 2'1
1845 3092 1879 3125 la

125 3145 208 3174 voz,
244 3137 364 3173 tonos,
400 3137 522 3178 gestos
556 3148 580 3181 y
615 3137 777 3169 melicos*
812 3136 1110 3179 (Constitutiones
1146 3138 1335 3173 Societatis
1370 3140 1447 3174 lesu
1483 3140 1521 3174 l'.
1551 3141 1590 3177 3.
1627 3155 1655 3176 (³.
1686 3144 1723 3184 l,
1754 3156 1786 3177 n.
1814 3145 1877 3178 21:

124 3186 163 3221 P.
190 3187 222 3228 4,
249 3199 278 3221 0.
305 3188 336 3230 8,
363 3200 396 3222 n.
425 3189 445 3222 3
471 3191 507 3222 et
534 3189 570 3223 C.
623 3189 903 3224 Constitutiones
928 3190 1061 3224 latinae
1088 3194 1124 3224 et
1149 3191 1355 3236 hispanicae
1382 3205 1414 3237 p.
1441 3194 1498 3227 95.
1527 3195 1602 3228 137.
1634 3196 1714 3233 139)

193 3251 501 3284 Braunsherger‚
520 3254 630 3277 Canisii
649 3253 803 3284 Epistulae
823 3255 852 3278 et
873 3255 947 3279 Acta
985 3255 1007 3279 I.
1561 3256 1602 3286 19
